2772 4998
243 461 302 519 att
688 449 880 548 AENEIDQS

287 605 541 690 Fluminibusque
557 615 707 690 vagantur
722 624 797 667 aves
812 601 894 684 (beu
908 601 977 666 dira
991 609 1130 667 mcomnn

287 708 446 795 Supplicia
457 708 484 789 !)
508 720 539 771 et
553 705 698 791 scopulos
714 705 900 791 lacrymosis
914 705 1043 769 vocibus
1059 703 1191 791 implent.

290 815 372 877 Hac
389 812 469 876 adeo
484 833 524 874 ex
540 810 593 875 illo
609 810 685 874 mihi
696 812 762 897 jam
777 808 935 895 speranda
948 809 1072 874 suerunt
1241 809 1284 866 att

289 917 457 1002 Tempore,
472 935 568 999 quum
583 915 667 978 ferro
682 912 822 977 coelestia
836 931 971 996 corpora
984 911 1113 976 demens

289 1020 423 1106 Appetii,
439 1033 469 1083 et
485 1018 619 1083 Veneris
632 1017 750 1081 violavi
765 1014 894 1081 vulnere
913 1015 1069 1080 dextram.

292 1126 340 1190 Ne
355 1122 442 1203 verd,
457 1145 496 1186 ne
510 1143 560 1186 me
576 1122 617 1186 ad
633 1122 711 1186 tales
727 1119 875 1206 impeliite
889 1141 1020 1207 pugnas.

287 1226 353 1291 Nec
370 1225 446 1290 mihi
462 1245 532 1288 curn
548 1223 681 1288 Teucris
698 1224 792 1289 ullum
807 1235 878 1309 post
892 1237 981 1290 eruta
995 1223 1112 1288 bellum

290 1327 452 1414 Pergama,
467 1349 524 1390 nec
539 1341 680 1392 veterum
694 1328 820 1390 memini
837 1326 964 1390 laetorve
979 1327 1140 1392 maiorum.
1244 1323 1289 1383 2⁰0

290 1431 433 1510 Munera,
450 1447 519 1514 quae
535 1429 645 1514 patriis
661 1427 702 1492 ad
717 1451 767 1492 me
781 1430 911 1514 portatis
926 1431 968 1494 ab
982 1433 1056 1508 oris,

288 1534 410 1598 Vertite
426 1532 466 1596 ud
481 1530 616 1597 AEnean.
662 1533 808 1595 Stetimus
824 1531 887 1596 tela
901 1553 1013 1617 aspera
1027 1544 1144 1611 contra,

235 1673 238 1691 ·
290 1635 547 1720 Contulimusque
562 1655 690 1700 manus:
714 1648 844 1720 experto
859 1635 988 1715 credite,
1004 1647 1136 1720 quantus

292 1742 326 1823 ln
342 1739 490 1826 clypeum
506 1750 657 1823 assurgat,
673 1756 735 1821 quo
750 1737 873 1801 turbine
889 1750 1032 1822 torqueat
1047 1737 1164 1802 hastam

291 1843 323 1906 Si
338 1841 399 1905 duo
414 1855 568 1926 praterea
583 1837 660 1903 tales
677 1838 761 1902 ldaea
777 1839 895 1904 tulisset
1246 1836 1291 1895 285

201 2028 205 2034 Ι
291 1945 392 2009 Terra
408 1946 500 2023 viros,
515 1941 597 2006 ultro
613 1939 757 2004 Inachias
773 1944 908 2006 venisset
923 1941 964 2006 ad
979 1941 1073 2005 urbes

289 2045 469 2124 Dardanus,
484 2057 514 2108 et
529 2047 628 2109 versis
644 2043 763 2128 lugeret
776 2044 904 2110 Graecia
918 2045 1000 2108 fatis.

290 2147 449 2232 Quidquid
465 2146 549 2232 apud
564 2146 651 2210 durae
666 2160 822 2212 cessatum
838 2161 884 2212 est
899 2151 1014 2212 moenia
1029 2147 1143 2234 Trojae,

189 2259 192 2270 ¹
293 2255 443 2318 Hectoris
457 2251 634 2336 AEneaeque
649 2273 741 2316 manu
757 2255 891 2315 victoria
906 2251 1039 2316 Graium

292 2357 405 2436 Haesit,
419 2369 449 2420 et
465 2357 495 2420 in
510 2354 667 2419 decimum
681 2357 814 2440 vestigia
828 2354 933 2418 retulit
948 2375 1072 2420 annum.
1248 2348 1296 2408 29⁰

292 2459 394 2522 Ambo
410 2461 530 2536 animis,
545 2457 639 2522 ambo
654 2456 789 2542 insignes
801 2457 1024 2541 praestantibus
1039 2461 1156 2522 armisz

292 2564 359 2627 Hic
374 2563 491 2648 pietate
505 2563 604 2646 prior.
649 2559 773 2623 Coeant
788 2563 820 2622 in
834 2559 957 2624 stedera
970 2559 1101 2640 dexuae,

292 2664 362 2747 Qui
377 2664 488 2729 datur:
512 2675 560 2726 est
575 2661 668 2726 armis
682 2673 869 2726 concurrant
883 2681 972 2726 arma
985 2674 1105 2726 cavete.

293 2767 333 2830 Et
348 2785 497 2851 responsa
513 2763 603 2828 simul
617 2783 687 2848 qum
702 2766 772 2842 sint,
787 2784 846 2828 rex
860 2767 987 2848 optime,
1000 2767 1083 2850 regis

293 2867 427 2946 Audisti,
442 2879 473 2931 et
486 2885 553 2951 que
568 2867 606 2930 sit
621 2887 734 2952 magno
748 2866 899 2930 sententia
913 2865 1008 2932 bello.
1254 2864 1301 2923 295

336 2969 403 3032 Vix
418 2989 456 3031 ea
471 2967 584 3052 legati;
605 2971 775 3052 variusque
789 2987 918 3051 perora
932 2971 1070 3034 cucrrrrit

291 3068 484 3134 Ausonidtim
501 3069 626 3133 turbata
641 3071 777 3134 fremor:
800 3090 859 3134 ceu
874 3091 952 3136 saxa
967 3085 1127 3138 morantur

291 3171 394 3252 Quum
409 3170 536 3256 rapidos
552 3193 676 3252 amnes3
698 3171 732 3235 fit
745 3172 854 3236 clauso
867 3176 988 3260 gurgite
1001 3195 1152 3258 murmur,

292 3274 476 3359 Vicinaeque
491 3275 624 3338 fremunt
638 3278 715 3360 ripoe
730 3276 955 3360 crepitantibus
969 3276 1071 3342 undis.

293 3377 337 3441 Ut
351 3375 483 3462 primum
497 3376 613 3462 placati
628 3381 734 3458 animi,
748 3391 780 3442 et
794 3377 917 3463 trepida
932 3401 989 3444 ora
1004 3379 1161 3465 quierunt,
1257 3375 1306 3438 ³⁰0

295 3481 444 3546 Praesatus
459 3479 559 3561 divos,
573 3480 652 3544 solio
667 3501 725 3544 rex
736 3481 806 3544 infit
821 3480 863 3545 ab
878 3481 959 3546 alto:

335 3585 417 3648 Ante
433 3583 576 3669 equidem
590 3583 709 3648 summit
724 3583 765 3648 de
779 3606 814 3649 re
829 3585 981 3667 statuisse,
1001 3587 1116 3668 Latini,

295 3687 335 3751 Et
349 3684 471 3764 vellem,
487 3698 517 3748 et
532 3685 633 3749 iuerat
647 3683 776 3750 melitis:
799 3709 859 3751 non
874 3699 1014 3772 tempore
1028 3687 1085 3754 tali

294 3790 416 3874 Cogere
430 3787 606 3867 concilium,
621 3809 715 3873 quum
731 3809 834 3853 muros
849 3788 972 3854 adsidet
986 3791 1093 3857 bostis.

291 3891 415 3957 Bellum
429 3891 646 3975 importunum,
659 3892 754 3972 cives,
768 3911 839 3956 cum
853 3905 946 3978 gente
960 3893 1089 3960 deorum
1262 3892 1311 3952 8⁰⁵

293 3993 479 4078 invictisque
494 3993 568 4058 viris
582 3995 728 4079 gerimus,
742 4015 819 4079 quos
833 3994 919 4060 nulla
933 3996 1063 4083 fatigant

295 4095 419 4176 i'roelia,
433 4117 491 4160 nec
506 4095 582 4162 victi
594 4111 722 4181 possunt
736 4097 888 4164 absistere
902 4099 997 4164 ferro.
