2890 5002
591 399 709 466 uiuus
728 403 777 466 111.
1170 412 1225 472 tet

181 560 266 634 Vidi
280 571 414 650 egomet,
427 556 492 626 duo
510 557 551 626 de
565 581 694 628 numero
708 583 804 648 quum
818 577 954 652 corpora
968 577 1085 648 nostro,

181 667 303 732 l'rensa
318 685 413 730 manu
427 661 550 750 magnit,
564 662 669 730 medio
683 669 847 752 resupinus
861 667 892 732 in
907 680 1008 750 antro,

183 771 360 860 Frangeret
374 771 415 838 ad
430 791 554 854 saxum,
564 774 712 859 sanieque
727 781 878 860 exspersa
891 785 1036 842 natarent

184 876 331 958 Limina;
353 876 429 958 vidi,
443 889 514 942 atro
528 897 624 962 quum
638 877 780 944 membra
795 878 923 946 liuentia
937 881 1013 946 tabo

183 981 363 1062 Manderet,
377 993 409 1046 et
424 979 522 1065 tepidi
535 987 705 1046 tremerent
719 983 778 1048 sub
793 981 939 1048 dentibus
954 995 1050 1050 artus.

184 1085 287 1150 Haud
302 1084 429 1170 impune
443 1082 591 1169 quidem;
612 1105 670 1150 nec
687 1084 763 1150 talia
777 1107 888 1172 passus
904 1083 1049 1172 Ulysses,

184 1188 351 1254 Oblitusve
366 1191 415 1254 sul
430 1199 477 1254 est
491 1187 617 1254 Ithacus
631 1188 811 1254 discrimine
822 1201 920 1256 tanto.
1114 1169 1118 1190 ’

184 1289 269 1356 llam
283 1289 375 1356 simul
389 1289 532 1376 expletus
547 1289 692 1377 dapibus,
707 1294 843 1377 vinoque
857 1289 1007 1378 sepultus,

187 1393 355 1460 cervicem
368 1395 517 1460 inflexam
532 1397 645 1480 posuit,
655 1396 820 1483 jacuitque
833 1415 891 1482 per
906 1408 1031 1462 antrum

187 1499 366 1579 immensus,
380 1502 502 1564 saniem
515 1509 661 1564 eructans
676 1515 714 1564 ac
729 1498 828 1564 frusta
842 1511 972 1564 cruento

187 1604 249 1669 Per
263 1625 405 1670 somnum
418 1605 591 1670 commixta
604 1625 713 1686 mero;
734 1625 800 1685 nos,
815 1621 929 1692 magna
943 1607 1065 1690 precati

186 1707 333 1787 Numina,
347 1707 509 1793 sortitique
524 1708 621 1789 vices,
634 1707 697 1774 unt
711 1706 851 1794 undique
865 1706 984 1776 circum

185 1811 369 1895 Pundimur‚
382 1825 414 1878 et
427 1812 491 1878 telo
505 1811 609 1880 iumen
621 1813 819 1880 terebramus
833 1825 926 1881 acuto

186 1917 307 2006 Ingens,
321 1918 406 2006 quod
420 1917 511 1985 torvi
524 1918 625 1985 solum
640 1920 699 1985 sub
714 1920 814 1986 fronte
830 1919 958 2003 latebat,

185 2022 325 2110 Argolici
337 2021 447 2111 clypei
462 2035 517 2089 aut
532 2021 679 2088 Phoebeae
696 2023 850 2110 lampadis
865 2027 982 2095 tnstan

132 2209 137 2224 ⁸
186 2125 226 2190 Et
240 2125 369 2192 tandem
383 2126 445 2191 laeti
460 2127 617 2192 sociorum
631 2125 812 2192 ulciscimur
825 2127 965 2194 umbras.

187 2229 248 2294 Sed
262 2231 370 2318 fugite,
383 2253 405 2294 o
416 2232 534 2313 miseri,
548 2231 655 2318 fugite,
669 2246 764 2318 atque
778 2231 821 2297 ab
835 2230 939 2298 littore
953 2234 1059 2300 limem

187 2328 347 2419 Rtnnpite.

186 2432 276 2517 Nam,
291 2435 396 2522 qualis
411 2447 607 2522 quantusque
621 2457 702 2502 cavo
719 2435 934 2524 Polyphemus
948 2439 980 2504 in
994 2452 1084 2506 antro

186 2535 360 2626 Laniger-as
374 2537 493 2604 claudit
505 2537 656 2626 pecudes,
671 2552 766 2626 atque
780 2539 880 2606 ubero
894 2553 1027 2626 pressat,
1091 2571 1097 2578 ·

186 2639 321 2707 Centum
335 2641 390 2706 alii
403 2664 501 2708 cmva
517 2641 587 2708 haec
602 2631 746 2708 habitant
761 2642 803 2710 ad
817 2642 925 2710 littora
938 2641 1033 2734 vulgd

186 2743 306 2810 lniandi
320 2744 492 2834 Cyclopes,
507 2759 539 2811 et
553 2743 626 2812 altis
640 2746 797 2812 montibus
812 2759 930 2813 errant.

183 2845 295 2914 Tertia
304 2850 372 2936 jam
387 2849 467 2915 lunae
482 2871 517 2914 se
531 2871 650 2916 cornua
665 2849 781 2917 lumine
796 2848 964 2936 complent,
1164 2857 1227 2932 645

184 2949 290 3033 Quum
303 2953 400 3016 vitam
414 2955 448 3016 in
462 2949 561 3034 silvis,
573 2953 657 3017 inter
670 2951 795 3018 deserta
809 2954 950 3022 serarum

184 3053 300 3119 Lustra
312 3053 495 3142 domosque,
508 3055 611 3137 babo,
624 3069 792 3144 vastosque
807 3057 849 3124 ab
863 3079 942 3145 rupe
957 3057 1121 3150 Cyclopas
1154 3099 1161 3112 ·

185 3155 356 3243 Prospicio,
370 3159 565 3244 sonitumque
579 3157 695 3246 pedum
709 3179 882 3247 vocemque
897 3161 1055 3230 tremisco.

184 3257 316 3325 Victum
331 3259 497 3342 infelicem,
511 3261 640 3342 baccas,
653 3259 859 3349 lapidosaque
874 3285 982 3346 corna,

182 3357 423 3444 Dantramiet
435 3363 532 3430 vulsis
546 3378 680 3452 pascunt
693 3363 854 3432 radicibus
869 3363 989 3433 herbre.
1162 3379 1225 3440 650

182 3465 298 3535 Omnia
311 3465 509 3549 collustrans,
522 3467 605 3534 banc
620 3467 755 3554 primum
769 3467 810 3534 ed
826 3467 930 3536 littora
943 3472 1078 3542 classem

182 3566 346 3658 Conspexi
361 3575 556 3638 venientem:
580 3569 653 3638 huic
668 3595 728 3656 me,
743 3593 949 3662 quecumque
963 3575 1082 3661 suisset,

182 3671 324 3738 Addixi:
347 3677 425 3740 satis
439 3688 486 3740 cst
500 3689 625 3764 gentem
640 3675 783 3765 effugisse
798 3677 978 3744 nefandam.

182 3771 256 3842 vos
269 3779 406 3844 animam
420 3775 504 3844 hanc
517 3778 620 3867 potitis
634 3802 832 3868 quocumque
846 3781 1000 3849 absumite
1015 3782 1087 3852 leto.

226 3876 296 3943 Vix
310 3901 349 3944 ea
362 3881 445 3948 fatus
459 3895 538 3964 erat,
551 3903 671 3950 summo
685 3905 780 3971 quum
794 3897 899 3952 monte
912 3885 1056 3956 ridemus
1162 3893 1225 3956 6⁵5

181 3979 292 4066 lpsum
306 3983 388 4048 inter
398 3985 541 4071 pecudes
553 3987 643 4054 vasti
656 4010 691 4054 se
704 3987 787 4054 mole
801 4001 977 4056 moventem

182 4081 348 4153 Pastorem
363 4087 604 4178 Polyphemum,
617 4105 649 4158 et
663 4091 768 4159 littora
780 4105 855 4160 nota
868 4106 1043 4181 petentem
