2928 5002
616 433 771 510 nuncet
792 451 840 512 tx.

509 810 514 820 ’
557 867 802 1010 pennen
827 873 904 952 rx.

583 1187 740 1250 nrcrnrs,
757 1190 883 1246 nmms.

655 1341 812 1386 nrcrors.

240 1429 318 1506 Quo
331 1441 373 1507 te,
388 1424 493 1504 lloeri,
508 1424 632 1510 podes?
656 1447 706 1502 nn,
722 1425 784 1508 qud
798 1427 847 1490 vis
858 1426 953 1504 ducit,
969 1428 1000 1492 in
1015 1428 1123 1502 urbem
1136 1429 1150 1492 ?

668 1549 788 1592 umere.

238 1638 269 1703 Ο
284 1635 419 1722 Lycida,
433 1635 494 1698 vivi
510 1635 718 1720 pervenimus,
733 1635 855 1700 advena
870 1639 963 1702 nostri

242 1741 356 1830 (Quod
371 1759 527 1826 nunquam
542 1740 629 1804 veriti
645 1739 764 1826 sumus)
781 1756 815 1805 ut
830 1763 990 1826 possessor
1005 1744 1095 1828 agelli

240 1846 383 1924 Diceret,
406 1849 426 1882 “
441 1843 519 1907 Haec
535 1865 606 1908 mee
622 1858 714 1923 sunt3
736 1858 869 1923 veteres,
884 1848 1025 1931 migrate,
1035 1849 1167 1926 „colent”

237 1951 332 2016 Nune
346 1951 432 2028 victi,
447 1950 560 2028 tristes,
576 1950 719 2034 quonism
735 1948 798 2013 fors
812 1951 915 2015 omnis
929 1967 1042 2030 versat,
1250 1960 1269 2018 5

238 2053 310 2120 llos
324 2056 365 2120 illi
382 2053 481 2140 (quod
496 2073 556 2117 nec
570 2051 650 2117 bene
665 2052 796 2141 vertatl)
820 2057 965 2120 mittimus
979 2059 1094 2123 hedos.
1140 2133 1150 2152 θ

656 2177 812 2220 nrcrons.

238 2265 335 2331 cene
351 2265 681 2351 equidem-audieram,
698 2263 759 2350 qud
770 2286 804 2329 se
819 2265 992 2332 subducere
1007 2268 1103 2334 colles

237 2369 401 2456 Incipiunt,
416 2370 561 2456 mollique
572 2370 682 2455 jugum
695 2369 856 2434 demittere
872 2371 962 2449 clivo,

236 2477 351 2562 Usque
366 2477 406 2540 sd
421 2498 532 2562 squam
548 2490 579 2540 et
591 2489 723 2551 veteres,
734 2473 914 2560 jamlrncta
929 2478 1101 2555 cacumina,
1117 2476 1213 2562 sagos,

241 2583 358 2648 Omnia
371 2582 553 2646 carminibus
569 2595 705 2645 vesuum
721 2577 860 2644 servisse
877 2579 1053 2670 Menalcan.
1232 2589 1271 2648 to
1351 2601 1354 2608 ·

677 2704 799 2750 smnus.

239 2793 415 2874 Audierss3
430 2806 462 2856 et
476 2790 559 2856 lame
574 2790 652 2855 luit:
675 2791 731 2854 sed
746 2791 882 2856 carmina
894 2789 1011 2854 tantum

240 2899 357 2966 Nostra
370 2898 482 2974 velent,
499 2895 630 2982 Lycide,
646 2895 708 2962 tels
722 2897 801 2960 inter
816 2893 939 2974 Martie,
952 2896 1097 2982 quenttlm

241 3003 400 3070 Chaonius
415 3001 532 3079 dicunt,
548 2999 650 3087 equilis
664 3003 817 3079 veniente,
833 3002 1003 3067 columbas.

240 3107 337 3184 Quod
352 3109 475 3172 nisime
492 3103 686 3191 qudcumque
702 3128 796 3172 noves
811 3109 947 3172 incidere
963 3108 1031 3173 lites

239 3212 322 3278 Anu
338 3214 458 3276 sinistre
468 3209 547 3274 cnvd
560 3209 728 3276 monuisset
742 3214 781 3277 eb
796 3211 865 3277 ilice
882 3214 1000 3292 cornix,
1233 3222 1272 3281 15

241 3315 314 3382 Nec
329 3329 399 3382 mus
414 3315 465 3379 hic
480 3313 600 3392 Moeris,
616 3337 674 3386 uec
690 3301 807 3381 sineret
821 3319 887 3402 ipse
904 3314 1074 3383 Menalcas.

635 3490 645 3513 ·
662 3439 817 3482 nrcrnns.

244 3521 341 3587 Heu!
364 3521 447 3586 cadit
462 3522 493 3584 in
509 3543 692 3609 quemquem
708 3537 824 3588 tantum
836 3523 958 3588 scelus!
982 3523 1060 3590 heu!
1084 3539 1136 3591 tus
1150 3527 1237 3592 nobis

241 3623 333 3692 Pone
348 3626 438 3690 simul
454 3640 558 3690 tecum
573 3627 680 3690 solatia
695 3642 792 3712 repta,
809 3625 953 3693 Menalca
967 3632 975 3693 l

241 3732 326 3808 Quis
340 3745 466 3796 caneret
481 3731 669 3816 Nymphas?
693 3735 760 3819 quis
771 3734 897 3798 humum
915 3733 1090 3800 florentibus
1104 3737 1207 3806 herbis

245 3836 424 3922 spargeret,
440 3849 493 3900 sut
507 3836 596 3900 viridi
611 3834 710 3900 sontes
725 3837 886 3902 induceret
900 3837 1032 3902 umbre?
1229 3847 1273 3906 20

244 3940 307 4006 vet
324 3963 389 4028 que
404 3941 522 4028 sublegi
534 3945 643 4008 tacitus
659 3943 710 4008 tibi
722 3945 858 4008 carmine
873 3966 981 4030 nuper,
994 3989 1001 4004 .

245 4049 353 4128 Quum
367 4067 399 4116 te
415 4052 454 4116 sd
471 4052 599 4117 delicias
613 4053 711 4118 serres
726 4055 916 4139 Amaryllida
930 4058 1071 4122 nostras?

244 4163 267 4194 ‘⁶
280 4153 400 4240 Tityre,
415 4157 488 4221 dum
505 4157 612 4236 redeo,
627 4159 729 4224 brevis
745 4176 791 4226 est
806 4160 865 4238 vis,
880 4181 973 4245 pesce
989 4162 1146 4248 cupellns3
