2890 5002
207 345 261 398 12⁴
553 337 744 398 AENEIDOS
765 339 880 400 LIBER
899 341 921 400 1.

293 486 463 570 Postquam
476 487 577 571 prima
592 490 680 574 quies
694 489 803 573 epulis,
818 509 993 573 mensaeque
1008 501 1145 568 remota,

252 589 401 654 Crateras
417 611 542 676 magnos
557 604 701 670 statuunt,
715 605 746 654 et
760 592 832 656 vina
847 603 1005 656 coronant.

253 691 301 756 Fit
315 693 461 777 strepitus
474 694 574 774 tectis,
588 716 758 780 vocemque
774 717 831 779 per
845 694 947 779 ampla
961 693 1100 758 volutant
1223 695 1286 752 725

255 797 363 856 Atria:
385 792 566 880 dependent
581 796 691 882 lychni
705 795 903 880 laquearibus
918 795 1021 859 aureis

255 893 386 972 incensi,
401 909 434 958 et
448 908 571 960 noctem
585 897 714 964 flammis
728 896 843 962 llrnalia
858 897 993 960 vincunt.

257 996 325 1060 llic
340 998 449 1083 regina
463 1022 589 1087 gravem
603 1004 730 1087 gemmis
744 1022 880 1086 auroque
894 999 1045 1084 poposcit,

257 1099 462 1186 implevitque
478 1125 571 1181 mero,
585 1117 734 1188 pateram,
748 1125 841 1187 quam
856 1101 950 1168 Belus
964 1113 996 1166 et
1009 1119 1115 1164 omnes

258 1205 287 1267 A
302 1203 382 1266 Belo
395 1206 486 1268 soliti.
509 1205 589 1268 Tum
604 1205 688 1268 iacta
702 1204 822 1268 silentia
836 1205 941 1268 tectis:
1225 1203 1286 1260 730

259 1305 391 1388 Jupiter,
404 1305 660 1390 hospitibus-nam
674 1319 704 1370 te
718 1307 796 1371 dare
805 1309 878 1394 jura
893 1307 1067 1392 loquuntur,

262 1409 356 1470 Hunc
372 1407 476 1472 laetum
489 1407 658 1494 Tyriisque
673 1409 756 1474 diem
770 1409 929 1494 Trojaque
943 1407 1090 1493 profectis

192 1590 195 1599 .
260 1507 337 1572 Fsse
351 1509 438 1588 velis,
453 1525 634 1596 nostrosque
649 1511 738 1597 hujus
753 1510 925 1574 meminisse
939 1511 1089 1574 minores:

261 1610 350 1675 Adsit
365 1611 479 1676 laetitiae
494 1613 639 1678 Bacchus
653 1612 754 1694 dator,
768 1627 799 1676 et
813 1614 896 1700 bona
909 1613 1010 1678 Juno:

261 1711 302 1778 Et
316 1735 380 1792 vos,
394 1737 424 1792 o,
437 1729 561 1794 coetum,
576 1715 677 1802 Tyrii,
691 1714 848 1780 celebrate
863 1717 1041 1823 faventes&
1228 1714 1288 1772 ⁷³⁵

262 1813 360 1892 Dixit,
374 1829 405 1880 et
419 1817 450 1881 in
465 1840 603 1884 mensam
617 1819 741 1884 laticum
757 1819 865 1883 libavit
880 1819 1045 1896 bonorem

263 1915 438 2002 Primaque,
453 1917 561 1999 libato,
575 1941 693 1984 summo
707 1934 795 1986 tenus
809 1921 908 2007 attigit
921 1941 985 1984 ore.

262 2019 344 2084 Tum
359 2021 448 2084 Bina
463 2021 551 2086 dedit
565 2023 770 2108 increpitans:
794 2022 845 2088 ille
861 2023 990 2109 impiger
1005 2020 1104 2085 bausit

264 2123 463 2208 Spumantem
477 2137 628 2208 pateram,
642 2139 672 2188 et
687 2125 779 2209 pleno
793 2147 826 2188 se
841 2123 955 2210 proluit
968 2145 1044 2189 auro
1039 2146 1074 2204 3

262 2223 346 2302 Post,
360 2224 412 2288 alii
426 2247 583 2310 proceres.
605 2226 737 2292 Citbani
750 2229 876 2292 crinitus
891 2230 982 2314 lopas
1229 2229 1290 2288 740

266 2325 416 2390 Personat
430 2325 539 2390 aurati
552 2325 659 2392 docuit
672 2349 742 2411 que
757 2330 908 2394 maximus
921 2329 1022 2394 Atlas.

264 2427 328 2492 Hic
343 2429 426 2493 canit
440 2443 594 2493 errantem
608 2427 721 2505 lunam,
734 2429 867 2514 solisque
882 2429 1026 2511 labores;

264 2530 356 2595 Unde
372 2531 528 2596 bominum
542 2554 646 2618 genus,
661 2547 693 2598 et
707 2532 860 2618 pecudes;
882 2533 963 2597 uude
977 2533 1086 2612 imber,
1100 2546 1132 2597 et
1146 2534 1248 2620 ignes3

264 2637 440 2706 Arcnrnrm,
453 2633 633 2719 pluviasque
648 2632 795 2720 Hyadas,
808 2635 1006 2720 geminosque
1020 2634 1172 2712 Trionem

263 2735 347 2816 Quid
362 2733 479 2802 tantdm
488 2758 607 2800 oceano
621 2750 787 2822 properent
800 2759 834 2800 se
848 2738 965 2822 tingere
978 2737 1057 2802 soles
1230 2744 1288 2801 ⁷4⁵

266 2837 412 2914 Hiberui,
425 2836 475 2899 vel
490 2857 558 2919 quae
574 2835 670 2900 tardis
685 2859 770 2902 mora
786 2838 927 2903 noctibus
941 2840 1052 2904 obstet.

267 2935 455 3023 ingeminant
469 2935 577 3022 plausu
592 2935 693 3023 Tyrii,
708 2937 869 3026 Troiaque
880 2955 1073 3036 sequaninis,

267 3037 334 3104 Nec
349 3063 410 3104 non
424 3051 456 3104 et
469 3038 556 3104 vario
570 3051 692 3104 noctem
706 3061 847 3106 sermone
862 3043 1005 3108 trahebat

268 3141 377 3208 infelix
392 3141 486 3222 Dido,
501 3143 684 3229 longumque
700 3142 829 3208 bibebat
843 3165 990 3226 amorem,

267 3241 367 3308 Multa
377 3265 471 3329 super
483 3245 604 3308 Priamo
618 3245 762 3331 rogitans,
776 3267 869 3331 super
884 3247 1023 3312 Hectore
1038 3247 1150 3312 multa:
1231 3251 1291 3312 750

270 3342 371 3424 Nune,
385 3347 497 3431 quibus
510 3349 639 3411 numm
654 3350 789 3410 venisset
803 3347 881 3410 filius
894 3349 1008 3429 armis3

268 3443 368 3526 Nunc,
384 3448 490 3531 quales
506 3443 666 3512 Diomedis
680 3447 771 3531 equi3
793 3469 883 3526 nunc,
898 3463 1029 3534 quantus
1043 3449 1193 3518 Achilles.

270 3545 366 3610 lmmo
376 3569 444 3633 age,
458 3563 489 3612 et
504 3571 522 3616 a
536 3548 635 3636 primii
649 3547 711 3628 die,
726 3549 849 3635 hospes,
863 3550 980 3637 origine
994 3552 1084 3616 nobis

269 3647 408 3726 Insidias,
421 3650 528 3736 inquit,
543 3651 699 3732 Danatim,
713 3673 864 3736 casusque
879 3665 1009 3732 tuorum,

270 3747 463 3835 Enoresque
476 3766 562 3834 tuos3
582 3774 654 3818 nam
668 3767 698 3818 te
708 3757 774 3840 jam
788 3755 916 3838 septima
931 3767 1033 3839 portat
1235 3761 1292 3820 755

269 3849 421 3916 Omnibus
434 3870 589 3924 errantem
603 3857 691 3922 terris
705 3871 736 3924 et
749 3855 891 3922 fluctibus
904 3870 1006 3922 aestas.
