2772 4998
245 473 306 528 310
684 459 873 522 AENEIDOS

288 627 446 692 Demens!
469 623 522 710 qni
537 621 686 688 Rutulum
700 627 733 688 in
748 619 928 687 medionon
943 625 1067 710 agmine
1080 641 1175 710 regem

289 730 413 798 Viderit
428 730 658 814 irrumpentem,
672 726 814 811 ultroque
829 724 991 790 incluserit
1004 729 1087 806 urbi,

289 831 458 898 lmmanem
472 830 568 895 ueluti
582 851 699 916 pecora
712 833 794 893 inter
808 831 920 894 inertia
931 831 1046 914 tigrim.
1237 825 1280 885 ill

287 933 444 1000 Continui>
458 955 539 999 nova
554 932 607 997 lux
621 933 721 997 oculis
735 931 859 1011 effulsit,
874 945 904 996 et
919 953 1007 996 arma
1131 939 1133 944 '

287 1037 492 1109 Horrendtim
507 1035 659 1117 sonuere3
680 1048 814 1100 tremunt
828 1037 860 1100 in
875 1035 992 1100 vertice
1006 1037 1109 1100 criste

288 1143 481 1230 Sanguinem,
496 1139 674 1226 clypeoque
688 1137 835 1202 micantia
849 1136 979 1202 fulmina
994 1137 1096 1204 mittit.

285 1247 467 1334 Agnoscunt
481 1243 594 1308 faciem
609 1245 741 1306 invisam
757 1253 850 1326 atque
865 1241 1013 1306 immania
1026 1240 1165 1306 membre

283 1349 420 1415 Turbati
435 1345 537 1412 subito
552 1343 711 1410 AEneadae.
754 1345 836 1410 Tum
853 1343 1015 1410 Pandarus
1029 1348 1137 1432 ingens
1238 1339 1282 1400 735

286 1455 419 1534 Emicat,
434 1465 474 1533 et,
488 1452 594 1516 mortis
609 1452 753 1514 iraternae
769 1448 908 1514 fervidus
923 1447 982 1529 iri,

285 1555 425 1622 Effetur:
449 1554 520 1619 Non
537 1553 606 1617 haec
621 1551 733 1617 dotalis
747 1553 835 1638 regia
849 1553 982 1631 Amata,

284 1659 353 1724 Nec
367 1657 461 1722 muris
475 1654 604 1720 cohibet
619 1656 728 1740 patriis
745 1655 849 1720 media
865 1654 974 1720 Ardea
988 1655 1146 1721 Turnum:

283 1763 399 1828 Castra
413 1761 539 1825 inimica
554 1759 664 1840 vides3
686 1757 771 1824 nulla
785 1760 858 1824 hinc
873 1762 963 1823 exire
978 1771 1126 1845 potestas.
1141 1799 1148 1824 t

280 1863 349 1931 Olli
364 1861 529 1929 subridens
543 1861 652 1927 sedato
666 1875 795 1948 pectore
809 1861 953 1927 Turnus:
1241 1853 1287 1916 lli

284 1969 400 2054 lncipe,
416 1969 442 2030 si
457 1987 519 2052 qua
534 1966 636 2030 animo
651 1969 758 2046 virtus,
773 1981 804 2032 et
818 1989 948 2032 consere
963 1967 1127 2046 dextram3

283 2072 351 2138 Hic
366 2073 459 2136 etiam
473 2071 631 2134 inventum
647 2069 771 2134 Priamo
785 2072 931 2136 narrabis
946 2069 1115 2136 Achillem.

221 2217 226 2232 ·
282 2173 437 2240 Dixerat:
460 2171 517 2242 ille,
527 2169 637 2236 rudem
652 2170 742 2235 nodis
756 2183 788 2236 et
802 2177 922 2236 cortice
936 2171 1036 2238 crudo

281 2277 441 2360 latorquet
455 2271 580 2338 summis
595 2269 727 2346 adnixus
742 2273 859 2338 viribus
875 2273 1008 2338 hastam.
1090 2279 1097 2288 “

280 2375 449 2466 Excepere
465 2397 549 2442 aurae
564 2374 694 2454 vulnus;
717 2376 860 2442 Saturnia
874 2377 956 2441 Juno

281 2485 422 2552 Detorsit
436 2487 582 2567 veniens3
603 2498 764 2572 portaeque
780 2485 915 2573 infigitur
930 2486 1032 2552 hasta.

280 2590 324 2655 At
338 2611 398 2654 non
413 2588 474 2653 hoc
489 2588 594 2667 telum,
608 2609 679 2652 mea
693 2587 778 2674 quod
793 2589 824 2652 vi
838 2587 971 2655 dextera
990 2603 1107 2672 versat,

281 2691 420 2779 Effugies
430 2713 560 2776 kneque
575 2694 658 2755 enirn
674 2692 699 2755 is
715 2690 767 2755 teli
781 2713 840 2756 nec
854 2691 990 2758 vulneris
1005 2705 1128 2760 auctor.

282 2795 334 2860 Sic
350 2797 404 2873 ait,
418 2807 449 2857 et
463 2793 617 2858 sublatum
632 2792 695 2856 alte
710 2793 866 2880 consurgit
880 2793 911 2859 in
926 2816 1040 2875 ensem,
1104 2767 1151 2830 s

277 2895 322 2961 Et
336 2894 472 2960 mediam
487 2897 570 2958 lerro
584 2898 708 2980 gemina
722 2895 804 2960 inter
818 2907 959 2982 tempora
973 2899 1110 2965 frontem
1248 2893 1294 2952 ⁷⁵⁰

279 2995 403 3061 Dividit
415 2996 621 3081 impubesque
636 2995 762 3084 immani
775 2996 906 3062 uulnere
921 2999 1033 3065 malas.

279 3099 332 3164 Fit
345 3121 457 3180 sonus3
478 3103 595 3186 ingenti
610 3119 762 3164 concussa
778 3113 823 3166 est
837 3099 977 3187 pondere
992 3103 1103 3170 tellus:

279 3201 445 3288 Collapsos
460 3215 545 3268 artus
559 3216 653 3288 atque
669 3225 756 3268 arma
770 3220 901 3269 cruenta
915 3209 1051 3272 cerebro

279 3305 396 3370 Sternit
410 3305 495 3370 humi
509 3307 659 3386 moriens;
681 3319 774 3392 atque
788 3307 835 3372 illi
848 3311 990 3396 partibus
1004 3313 1106 3397 eequis

277 3407 354 3472 Huc
369 3421 463 3494 caput
478 3421 572 3494 atque
586 3407 660 3473 illuc
673 3409 806 3474 humero
821 3433 862 3475 ex
877 3425 1008 3499 utroque
1021 3411 1190 3501 pependit.
1251 3409 1301 3472 755

320 3510 493 3598 Diffugiunt
508 3515 590 3576 versi
606 3511 729 3599 trepidi
744 3515 909 3581 formidine
919 3515 1043 3584 Trois:

276 3615 328 3696 Et,
343 3617 369 3680 si
384 3615 531 3680 continuo
545 3615 694 3681 victorem
709 3639 747 3682 ea
761 3639 838 3682 cura
853 3619 987 3684 subisset

277 3717 437 3804 Rumpere
453 3716 588 3782 claustra
603 3741 705 3798 manu,
720 3720 884 3806 sociosque
899 3725 1067 3788 immittere
1080 3723 1195 3810 portis,

277 3821 413 3886 Ultimus
428 3820 480 3886 ille
495 3819 563 3884 dies
579 3820 663 3885 bello
676 3825 824 3908 gentique
838 3823 963 3905 fuisset3

275 3925 339 3990 Sed
354 3925 441 3990 furor
455 3924 617 4018 ardentem
631 3923 790 4012 caedisque
804 3929 914 3993 insana
928 3927 1045 4014 cupido
1255 3925 1310 3990 760

276 4029 348 4116 Egit
362 4033 394 4094 in
409 4027 569 4094 adversos.
611 4037 617 4048 '

276 4132 434 4220 Principio
450 4131 607 4202 Phalerim
622 4145 655 4198 et
668 4134 788 4200 succiso
802 4133 921 4223 poplite
935 4136 1049 4224 Gygen
