2890 5002
215 463 270 520 :st
648 447 838 515 assinos

254 605 420 692 Accipiens
435 604 648 676 sonitumsaxi
659 604 699 670 de
714 609 832 670 vertice
847 615 964 692 pastor.

253 709 335 774 'Tum
350 707 424 772 verb
439 709 599 772 manifesta
614 707 701 788 fides,
717 708 923 793 Danaumque
938 722 1100 796 patescunt

250 811 396 878 lnsidiae:
415 814 482 898 jam
497 811 655 897 Deiphobi
669 810 756 876 dedit
771 811 875 898 ampla
889 812 1018 893 ruinam,
1227 823 1292 882 310

251 915 397 980 Vulcano
412 929 586 1001 superante,
601 914 731 993 domus;
748 916 815 1002 jam
830 915 988 1000 proximus
1003 915 1096 981 ardet

251 1018 434 1106 Ucalegon3
457 1019 548 1105 Sigea
562 1019 624 1105 igni
638 1019 717 1083 freta
733 1018 797 1082 lata
811 1016 960 1083 relucent.

249 1124 399 1189 Exoritur
413 1122 593 1207 clamorque
608 1121 708 1187 virtim
722 1122 913 1208 clangorque
928 1122 1083 1188 tubarum.

251 1229 350 1292 Arma
369 1248 476 1291 amens
490 1225 601 1311 capio;
623 1247 681 1288 nec
696 1238 744 1288 sat
759 1225 885 1289 rationis
900 1227 930 1289 in
947 1228 1062 1304 armis3

250 1331 313 1396 Sed
328 1329 501 1417 glomerare
516 1348 640 1393 manum
654 1326 747 1407 hello,
760 1340 792 1392 et
806 1349 992 1392 concurrere
1008 1328 1038 1391 in
1054 1349 1158 1394 arcem
1225 1337 1287 1396 315

249 1433 329 1497 Cum
346 1433 435 1497 sociis
448 1431 557 1496 ardent
573 1432 684 1495 animi:
708 1433 793 1495 furor
804 1432 912 1516 iraque
927 1443 1061 1495 mentem

248 1535 466 1620 Praecipitant3
487 1533 713 1619 pulchrumque
728 1535 805 1600 mori
821 1535 973 1599 succurrit
987 1537 1019 1598 in
1035 1534 1139 1598 armis.

292 1638 377 1700 Ecce
392 1649 494 1701 autem
509 1634 577 1701 telis
594 1636 729 1700 Panthus
745 1636 869 1721 elapsus
885 1635 1050 1715 Achivtim,

250 1739 388 1805 Panthus
402 1739 594 1825 Othryades,
609 1741 690 1803 arcis
707 1740 880 1824 Phoebique
895 1738 1053 1819 sacerdos,

249 1847 345 1910 Sacra
360 1865 462 1923 manu,
476 1843 635 1926 victosque
650 1843 736 1923 deos,
750 1863 943 1928 parvumque
958 1855 1113 1928 nepotem,
1224 1851 1288 1909 330

246 1949 317 2032 lpse
331 1944 434 2022 trahit,
447 1966 602 2028 cursuque
617 1967 723 2008 amens
739 1946 779 2009 ad
796 1946 899 2010 limina
914 1944 1022 2010 tendit.

246 2049 317 2132 Quo
331 2069 381 2112 res
396 2067 514 2111 summa
530 2046 608 2125 loco,
624 2045 767 2110 Panthu?
789 2067 883 2131 quam
897 2046 1076 2134 prendimus
1091 2051 1223 2114 arcem?

247 2151 313 2215 Vix
330 2173 368 2215 ea
383 2153 463 2214 latus
479 2171 575 2228 eram,
589 2143 704 2234 gemitu
718 2171 812 2233 quum
828 2149 902 2214 talia
916 2150 1036 2216 reddit:

247 2255 345 2320 Venit
358 2275 476 2318 summa
491 2251 557 2318 dies
570 2265 605 2316 et
617 2251 815 2317 ineluctabile
830 2265 952 2340 tempus
1123 2316 1128 2324 ,

246 2355 438 2422 Dardaniae:
460 2358 572 2420 suimus
588 2355 705 2438 Troiis;
728 2358 783 2420 fuit
799 2356 898 2436 llium,
913 2370 944 2421 et
958 2357 1066 2444 ingens
1221 2365 1285 2424 825

246 2460 353 2526 Gloria
368 2461 579 2525 Teucrorum:
603 2460 686 2523 ierus
700 2460 804 2524 omnia
818 2459 838 2522 J
841 2459 943 2545 hpiter
957 2463 1058 2545 Argos

245 2564 433 2629 Transtulit:
457 2563 582 2629 incensi:
597 2563 699 2628 Danai
713 2563 909 2630 dominamur
924 2565 956 2627 in
971 2562 1062 2627 urbe.
1077 2600 1084 2612 ·

246 2666 371 2732 Arduus
386 2681 521 2732 armatos
536 2665 647 2730 mediis
662 2666 692 2729 in
710 2667 862 2730 moenibus
878 2665 1004 2730 adstans

246 2768 361 2834 Fundit
375 2791 492 2855 equus3
514 2769 675 2852 victorque
692 2767 787 2834 Sinon
802 2766 946 2834 incendia
960 2767 1068 2833 miscet

246 2871 416 2936 insultans:
438 2870 535 2954 portis
549 2869 601 2932 alii
617 2869 827 2952 bipatentibus
843 2869 965 2950 adsunt,
1221 2877 1285 2937 330

246 2972 345 3038 Millia
360 2985 434 3057 quot
449 2971 566 3055 magnis
581 2991 716 3053 unquam
732 2971 845 3036 veniere
859 2973 1017 3059 Mycenis,

245 3071 409 3138 Ohsedtire
425 3070 477 3136 alii
492 3069 560 3134 telis
574 3085 702 3156 angusta
715 3074 836 3140 viarum

245 3177 406 3264 Oppositi:
429 3186 490 3240 stat
500 3176 576 3239 ferri
590 3175 674 3268 acies
689 3199 836 3243 mucrone
850 3201 982 3244 corusco

246 3282 370 3358 Stricta,
384 3293 495 3366 parata
506 3279 595 3344 neci:
618 3280 672 3344 vix
687 3282 777 3366 primi
793 3283 901 3370 proelia
917 3297 1035 3350 tentant

246 3386 408 3450 Portarum
423 3383 541 3470 vigiles,
557 3397 588 3447 et
602 3405 687 3448 caeco
703 3385 806 3452 Marte
821 3389 975 3454 resistunt.
1214 3398 1284 3456 335

288 3486 418 3552 Talibus
429 3485 604 3572 Othryadae
619 3486 710 3551 dictis
725 3501 755 3553 et
770 3495 894 3555 numine
908 3490 1016 3556 diutim

244 3591 280 3653 ln
295 3589 434 3654 flammas
449 3603 478 3653 et
493 3590 523 3653 in
539 3611 626 3654 arma
637 3591 731 3673 seror,
747 3592 809 3676 qud
823 3594 916 3657 tristis
932 3593 1079 3681 Erinnys,

243 3691 315 3772 Qud
329 3694 468 3772 fremitus
483 3707 584 3772 vocat,
601 3706 631 3757 et
645 3693 783 3759 sublatus
798 3695 839 3760 ad
853 3695 972 3762 aethera
986 3698 1117 3763 clamor.

243 3793 372 3860 Addunt
386 3817 419 3860 se
434 3799 535 3859 socios
550 3794 693 3880 Rhipeus
708 3810 738 3861 et
752 3800 906 3862 maximus
922 3800 1015 3863 armis

244 3897 385 3985 Epytus3
405 3898 501 3962 oblati
515 3919 573 3984 per
587 3898 701 3979 lunam,
716 3899 936 3986 Hypanisque,
953 3901 1159 3988 Dymasque;
1218 3911 1289 3969 340

187 4041 194 4056 =
245 4003 287 4066 Et
301 4001 390 4066 lateri
401 3999 613 4087 agglomerant
623 4015 746 4081 nostro;
764 4003 948 4089 juvenisque
963 4004 1118 4070 Coroebus

247 4102 475 4192 Mygdonides:
498 4103 557 4168 illis
571 4102 613 4170 ad
627 4103 755 4194 Trojsm
769 4105 848 4172 forth
863 4107 975 4173 dicbus
