2756 5010
502 473 619 535 LIBER
638 473 701 534 vn.

116 635 194 700 Nunc
208 647 335 720 pateras
349 631 447 697 libate
461 631 543 712 Jovi,
557 631 766 718 precibusque
780 643 892 695 vocate

116 739 264 803 Anchisen
279 737 460 824 genitorem,
476 749 506 800 et
521 736 591 800 vina
606 735 745 820 reponite
760 736 887 798 mensis.

116 843 160 906 Sic
174 840 286 906 deinde
301 837 420 918 effatus,
435 837 590 902 frondenti
605 852 746 922 tempora
760 856 847 899 ramo

117 946 257 1032 lmplicat,
272 959 302 1009 et
316 943 511 1028 Geniumque
528 943 597 1021 loci,
611 941 805 1026 primamque
820 937 950 1002 deorum

116 1053 274 1133 Tellurem,
289 1051 528 1138 Nymphasque,
543 1062 573 1114 et
588 1047 691 1113 adhuc
708 1048 811 1132 ignota
825 1058 972 1131 precatur

115 1153 266 1218 Flumina:
290 1167 353 1218 tum
366 1153 507 1231 Noctem,
523 1151 694 1236 Noctisque
709 1149 841 1213 orientia
856 1148 953 1234 signa,

117 1257 285 1342 ldaumque
299 1259 419 1336 Jovem,
437 1257 669 1341 Phrygiamque
684 1275 725 1317 ex
740 1251 848 1316 ordine
863 1261 1004 1329 matrem,

115 1359 242 1439 invocat,
256 1372 287 1424 et
301 1359 442 1447 duplices
457 1357 608 1442 Coeloque
624 1357 791 1440 Ereboque
806 1367 964 1438 parentes.

117 1462 173 1526 Hic
187 1476 277 1548 pater
291 1463 484 1547 omnipotens
500 1474 548 1525 ter
562 1458 642 1524 coelo
656 1457 762 1523 clarus
777 1457 818 1521 ab
834 1455 898 1520 alto

115 1563 246 1644 lntonuit,
260 1563 417 1648 radiisque
433 1563 593 1628 ardentem
608 1561 686 1626 lucis
701 1574 732 1625 et
747 1581 822 1624 auro

115 1666 176 1751 lpse
190 1691 282 1732 manu
299 1668 440 1753 quatiens
455 1666 588 1730 ostendit
603 1667 644 1730 ab
659 1665 775 1728 aetbere
790 1662 916 1727 nubem.

114 1767 230 1834 Diditur
247 1770 297 1834 bic
310 1767 416 1834 subitd
430 1770 569 1855 Trojano
584 1789 641 1854 per
656 1767 778 1853 agmina
792 1787 906 1847 rumor,

113 1869 278 1936 Advenisse
290 1871 372 1936 diem
387 1893 449 1956 quo
465 1871 570 1935 debita
586 1873 699 1934 nroenia
715 1869 861 1934 condant.

113 1971 256 2038 Certatim
274 1975 443 2038 instaurant
459 1973 576 2059 epulas,
591 1987 683 2057 atque
698 1973 799 2038 omine
814 1993 927 2059 magno

114 2071 253 2142 Crateras
268 2075 331 2140 laeti
346 2089 492 2154 statuunt,
506 2089 537 2139 et
551 2077 622 2140 vina
638 2087 798 2140 coronant.

150 2174 276 2242 Postera
291 2199 385 2262 quum
401 2175 503 2262 primi
518 2175 829 2262 lustrabatdampade
845 2189 944 2242 terras

114 2274 182 2341 Orta
195 2279 276 2361 dies,
290 2279 412 2358 urbem,
427 2292 457 2343 et
472 2280 558 2358 fines,
573 2295 603 2342 et
618 2279 720 2342 littora
735 2279 843 2366 gentis,

112 2375 228 2445 Diversi
244 2381 430 2467 explorant:
455 2381 523 2445 haeo
539 2382 631 2445 fontis
646 2395 756 2466 stagna
772 2381 905 2462 Numici,

113 2481 198 2548 Hunc
214 2486 353 2572 Tybrim
368 2485 503 2565 fluvium,
519 2485 571 2549 hic
587 2487 681 2550 sortes
697 2484 840 2549 habitare
854 2486 996 2552 Latinos.

113 2579 184 2648 Tum
198 2602 285 2650 satus
301 2583 440 2651 Anchisia
454 2584 593 2650 delectos
607 2585 717 2650 ordine
733 2587 775 2650 ab
789 2587 874 2651 omni
967 2581 972 2588 ’

111 2681 235 2752 Centum
249 2701 394 2752 oratores
411 2701 540 2774 augusta
555 2687 595 2751 ad
610 2691 726 2752 moenia
741 2688 822 2774 regis

112 2785 154 2850 lre
163 2791 264 2876 jubet,
280 2791 375 2856 ramis
390 2791 508 2855 velatos
525 2790 662 2855 Palladis
677 2815 800 2872 omnes3

109 2889 256 2980 Donaque
275 2896 358 2960 ferre
374 2896 450 2974 viro,
465 2917 638 2981 pacemque
653 2917 824 2980 exposcere
840 2897 985 2964 Teucris.

111 2992 199 3061 Haud
215 3021 305 3064 mora
319 3025 328 3077 3
349 2999 493 3062 festinant
503 2999 590 3084 jussi,
605 3000 785 3086 rapidisque
801 3001 941 3067 seruntur

110 3093 265 3164 Passibus:
296 3104 363 3184 ipse
378 3099 485 3164 humili
499 3100 641 3186 designat
656 3105 769 3166 moenia
784 3103 875 3184 fossi,

110 3195 293 3289 Moliturque
309 3203 431 3283 locum3
453 3207 632 3290 primasque
647 3206 678 3270 in
693 3206 793 3270 littore
808 3207 909 3288 sedes,

109 3300 288 3372 Castrorum
303 3311 334 3372 in
350 3329 478 3388 morem,
493 3309 594 3393 pinnis
609 3323 701 3394 atque
711 3332 829 3408 'aggere
844 3311 948 3398 cingit.

105 3403 232 3493 Jamque
248 3415 312 3475 iter
326 3411 452 3491 emensi,
467 3425 567 3478 turres
582 3435 619 3477 ac
636 3427 718 3478 tecta
733 3413 915 3481 Latinorum

109 3509 208 3575 Ardua
223 3513 401 3578 cernebant
411 3515 552 3598 juvenes,
564 3537 713 3600 muroque
728 3517 884 3581 subibant.

107 3611 180 3678 Ante
195 3617 310 3682 urbem
324 3617 415 3701 pueri
430 3632 460 3681 et
474 3619 623 3703 primaevo
639 3617 714 3682 flore
724 3620 870 3704 juventus

108 3711 300 3786 Exercentur
315 3722 415 3806 equis,
427 3720 638 3806 domitantque
654 3724 684 3785 in
700 3721 827 3807 pulvere
842 3743 962 3803 currus,

107 3817 163 3880 rlut
176 3841 268 3885 acres
286 3822 415 3886 tendunt
429 3845 530 3904 arcus,
548 3838 601 3887 aut
616 3823 698 3888 lenta
718 3823 842 3887 lacertis

106 3916 227 4002 Spicula
242 3938 458 4010 contorquent,
472 3948 626 4012 cursuque
642 3926 765 4012 ictuque
780 3927 953 3993 lacessunt:
1065 3938 1137 3997 -165

104 4019 201 4100 Quum
217 4041 394 4110 praevectus
410 4049 492 4114 equo
506 4028 637 4116 longaevi
652 4027 732 4114 regis
747 4027 787 4092 ad
804 4049 894 4094 aures

108 4121 235 4194 Nuntius
250 4131 393 4217 ingentes
406 4131 512 4219 ignoti
526 4133 557 4198 in
572 4145 658 4198 veste
673 4145 812 4219 reportat
