2890 5002
538 889 900 988 AENulnos

516 1185 649 1251 LIBER
672 1185 915 1252 SECUNDUS.

227 1387 431 1454 Con-neum
441 1403 558 1465 omnes,
572 1387 740 1472 intentique
755 1407 812 1450 ora
826 1386 991 1452 tenebantt

230 1489 305 1555 Inde
319 1503 387 1554 toro
397 1500 487 1574 pater
503 1485 617 1551 AEneas
631 1489 675 1551 sic
689 1509 777 1551 orsus
792 1489 835 1552 ab
848 1489 930 1553 alto:

270 1588 442 1668 infandum,
456 1590 573 1674 regine,
582 1587 675 1673 jubes
689 1607 841 1652 renovare
855 1587 1011 1670 dolorem3

228 1691 382 1779 Trojanas
397 1705 430 1756 ut
442 1707 520 1775 opes
535 1703 566 1754 et
580 1689 778 1755 lamentabile
793 1713 919 1778 regnum

227 1795 373 1860 Emerint
388 1792 513 1873 Danai3
535 1813 665 1879 queque
680 1794 746 1878 ipse
761 1794 931 1858 miserrima
945 1795 1019 1876 vidi,
1239 1803 1258 1858 5

228 1895 270 1960 Et
285 1917 415 1981 quorum
429 1915 504 1982 pars
518 1909 629 1981 magna
644 1893 698 1958 tui.
741 1894 828 1977 Quis,
842 1895 915 1960 talia
929 1896 1034 1976 sendo,

228 1995 474 2083 Myrmidonum,
489 1993 696 2082 Dolopumve,
706 2008 760 2060 eut
770 1995 838 2060 duri
854 1995 942 2062 miles
957 1995 1096 2082 Ulyssei,

227 2097 398 2185 Temperet
412 2119 431 2162 a
445 2097 617 2184 iacrymisi
639 2097 678 2160 Et
687 2097 753 2183 jam
768 2119 830 2162 nox
846 2097 970 2164 humida
983 2096 1064 2163 coelo

229 2201 414 2287 Praecipitet,
428 2199 619 2284 suadentque
634 2197 778 2264 cadentia
792 2199 893 2264 sidera
908 2221 1046 2265 somnos:

226 2301 457 2387 Sed‚sitantus
468 2322 555 2366 amor
569 2322 659 2364 casus
673 2321 860 2388 cognoscere
875 2315 1004 2382 nostros,
1221 2309 1259 2366 to

228 2402 272 2468 Et
285 2403 420 2468 breviter
433 2403 539 2490 Trojae
553 2425 728 2488 supremum
744 2403 852 2467 audire
868 2404 1016 2484 laborem,

225 2503 416 2588 Quanquam
430 2506 548 2570 animus
562 2506 737 2570 meminisse
751 2503 868 2585 horret,
882 2505 1028 2590 luctuque
1041 2505 1164 2592 refugit,

229 2611 390 2696 incipiam.
411 2611 517 2676 Fracti
530 2611 624 2692 bello,
639 2611 771 2696 satisque
786 2610 910 2698 repulsi,

227 2711 383 2778 Ductores
398 2712 553 2793 Danaum,
568 2725 612 2776 tot
622 2715 690 2799 jam
701 2713 877 2777 lubentibus
892 2714 989 2794 annis,

226 2815 330 2880 instar
343 2817 453 2880 montis
469 2837 591 2900 equum,
605 2813 710 2878 divini
726 2813 862 2879 Palladis
875 2828 952 2896 arte,
1222 2825 1259 2882 15

228 2915 406 2996 Edificant,
419 2915 566 3001 secuique
580 2917 718 2980 intexunt
733 2916 837 2980 abiete
849 2929 953 2981 costas
964 2940 981 3009 ²:

225 3018 348 3084 Votum
362 3039 419 3103 pro
433 3015 533 3082 reditu
548 3017 710 3095 simulant3
732 3038 770 3081 ea
784 3018 865 3081 inme
881 3030 1020 3104 vagatur.

226 3121 306 3185 Huc
321 3119 557 3184 delecta-vinum
572 3119 670 3183 soriiti
683 3139 816 3204 corpora
830 3120 933 3183 furtim

223 3222 392 3288 includunt
406 3241 492 3287 coeco
506 3223 606 3302 lateri,
619 3220 802 3308 penitusque
813 3243 962 3286 cavernas

223 3326 382 3411 ingentes,
394 3339 586 3411 uterumque,
601 3339 720 3390 armato
735 3325 830 3389 milite
844 3327 1010 3411 complent.
1219 3337 1259 3394 20

272 3425 329 3490 Est
343 3428 374 3492 in
388 3439 556 3513 conspectu
570 3426 726 3507 Tenedos,
741 3427 896 3492 notissime
911 3429 994 3493 tame
1011 3492 1013 3498 .

228 3527 345 3608 insule,
358 3528 446 3594 dives
460 3529 693 3614 opumPriami
707 3529 781 3594 dum
794 3551 891 3616 regna
905 3531 1090 3611 manebant3
1184 3575 1186 3580 -

225 3627 321 3694 Nunc
335 3629 452 3694 tontum
467 3632 559 3709 sinus,
574 3643 605 3695 et
619 3632 804 3714 statiqmali
817 3631 879 3695 fidu
894 3633 1025 3736 carinisq

224 3729 306 3794 Huc
320 3752 354 3795 se
368 3733 507 3817 provecti
521 3730 645 3797 deserto
660 3733 691 3796 in
704 3732 806 3797 littore
820 3733 967 3798 condunt.

221 3827 297 3894 lios
311 3831 423 3895 abiisse
437 3833 508 3914 rati,
521 3847 553 3896 et
566 3846 658 3898 vento
672 3834 797 3919 petiisse
813 3833 975 3920 Mycenas.
1218 3845 1257 3902 ⁶25

221 3928 316 4016 Fsgo
329 3933 427 3996 omnis
441 3932 533 4020 longo
547 3931 637 3998 solvit
651 3955 684 3998 se
699 3933 833 3998 Teucria
848 3932 947 3999 luctu:

220 4031 412 4100 Pandente
425 4049 534 4123 porte,
544 4037 634 4120 juvat
648 4037 703 4116 ire,
716 4049 748 4101 et
762 4035 879 4102 Dorica
893 4053 1004 4120 castra,
