<?xml version="1.0" encoding="UTF-8"?>
<!DOCTYPE html PUBLIC "-//W3C//DTD XHTML 1.0 Transitional//EN"
    "http://www.w3.org/TR/xhtml1/DTD/xhtml1-transitional.dtd">
<html xmlns="http://www.w3.org/1999/xhtml" xml:lang="en" lang="en">
 <head>
  <title>
</title>
<meta http-equiv="Content-Type" content="text/html;charset=utf-8" />
  <meta name='ocr-system' content='tesseract 3.04.00' />
  <meta name='ocr-capabilities' content='ocr_page ocr_carea ocr_par ocr_line ocrx_word'/>
</head>
<body>
  <div class='ocr_page' id='page_1' title='image "./bucolicageorgic00goulgoog/bucolicageorgic00goulgoog_0318.png"; bbox 0 0 2772 4998; ppageno 0'>
   <div class='ocr_carea' id='block_1_1' title="bbox 222 417 862 484">
    <p class='ocr_par' dir='ltr' id='par_1_1' title="bbox 222 417 862 484">
     <span class='ocr_line' id='line_1_1' title="bbox 222 417 862 484; baseline -0.003 0"><span class='ocrx_word' id='word_1_1' title='bbox 222 423 281 484; x_wconf 77' lang='lat'>³04</span> <span class='ocrx_word' id='word_1_2' title='bbox 670 417 862 482; x_wconf 74' lang='lat' dir='ltr'>AEnstnos</span> 
     </span>
    </p>
   </div>
   <div class='ocr_carea' id='block_1_2' title="bbox 184 578 1176 4190">
    <p class='ocr_par' dir='ltr' id='par_1_2' title="bbox 184 578 1176 4190">
     <span class='ocr_line' id='line_1_2' title="bbox 267 578 1083 670; baseline 0 -22"><span class='ocrx_word' id='word_1_3' title='bbox 267 583 442 670; x_wconf 75' lang='lat' dir='ltr'>Tegmina:</span> <span class='ocrx_word' id='word_1_4' title='bbox 465 603 525 650; x_wconf 83' lang='lat' dir='ltr'>nee</span> <span class='ocrx_word' id='word_1_5' title='bbox 539 593 652 648; x_wconf 85' lang='lat' dir='ltr'>curant</span> <span class='ocrx_word' id='word_1_6' title='bbox 666 603 754 646; x_wconf 76' lang='lat' dir='ltr'>cmco</span> <span class='ocrx_word' id='word_1_7' title='bbox 767 578 963 648; x_wconf 87' lang='lat' dir='ltr'>contendere</span> <span class='ocrx_word' id='word_1_8' title='bbox 978 581 1083 648; x_wconf 82' lang='lat' dir='ltr'>Marte</span> 
     </span>
     <span class='ocr_line' id='line_1_3' title="bbox 270 685 1026 773; baseline -0.005 -19"><span class='ocrx_word' id='word_1_9' title='bbox 270 685 414 773; x_wconf 77' lang='lat' dir='ltr'>Ampliirs</span> <span class='ocrx_word' id='word_1_10' title='bbox 428 687 566 752; x_wconf 83' lang='lat' dir='ltr'>audaces</span> <span class='ocrx_word' id='word_1_11' title='bbox 582 685 712 766; x_wconf 81' lang='lat' dir='ltr'>Rutuli3</span> <span class='ocrx_word' id='word_1_12' title='bbox 733 685 791 752; x_wconf 92' lang='lat' dir='ltr'>sed</span> <span class='ocrx_word' id='word_1_13' title='bbox 805 685 925 772; x_wconf 86' lang='lat' dir='ltr'>pellere</span> <span class='ocrx_word' id='word_1_14' title='bbox 941 685 1026 752; x_wconf 83' lang='lat' dir='ltr'>vallo</span> 
     </span>
     <span class='ocr_line' id='line_1_4' title="bbox 272 789 593 872; baseline -0.012 -15"><span class='ocrx_word' id='word_1_15' title='bbox 272 789 593 872; x_wconf 73' lang='lat' dir='ltr'>Missilibuscertant.</span> 
     </span>
     <span class='ocr_line' id='line_1_5' title="bbox 272 893 1084 979; baseline -0.002 -19"><span class='ocrx_word' id='word_1_16' title='bbox 272 897 366 960; x_wconf 90' lang='lat' dir='ltr'>Parte</span> <span class='ocrx_word' id='word_1_17' title='bbox 381 893 444 960; x_wconf 81' lang='lat' dir='ltr'>alit</span> <span class='ocrx_word' id='word_1_18' title='bbox 459 893 632 960; x_wconf 89' lang='lat' dir='ltr'>horrendus</span> <span class='ocrx_word' id='word_1_19' title='bbox 646 897 716 959; x_wconf 88' lang='lat' dir='ltr'>visu</span> <span class='ocrx_word' id='word_1_20' title='bbox 731 895 903 979; x_wconf 83' lang='lat' dir='ltr'>quassabat</span> <span class='ocrx_word' id='word_1_21' title='bbox 918 895 1084 960; x_wconf 81' lang='lat' dir='ltr'>Etruscam</span> 
     </span>
     <span class='ocr_line' id='line_1_6' title="bbox 273 995 1025 1085; baseline -0.003 -22"><span class='ocrx_word' id='word_1_22' title='bbox 273 995 394 1079; x_wconf 88' lang='lat' dir='ltr'>Pinum,</span> <span class='ocrx_word' id='word_1_23' title='bbox 409 1010 440 1062; x_wconf 92' lang='lat' dir='ltr'>et</span> <span class='ocrx_word' id='word_1_24' title='bbox 454 998 614 1062; x_wconf 84' lang='lat' dir='ltr'>fumiferos</span> <span class='ocrx_word' id='word_1_25' title='bbox 628 997 721 1062; x_wconf 82' lang='lat' dir='ltr'>infert</span> <span class='ocrx_word' id='word_1_26' title='bbox 735 997 912 1062; x_wconf 78' lang='lat' dir='ltr'>Mezentius</span> <span class='ocrx_word' id='word_1_27' title='bbox 926 1001 1025 1085; x_wconf 87' lang='lat' dir='ltr'>ignes.</span> 
     </span>
     <span class='ocr_line' id='line_1_7' title="bbox 273 1098 1094 1186; baseline -0.004 -20"><span class='ocrx_word' id='word_1_28' title='bbox 273 1105 315 1166; x_wconf 74' lang='lat' dir='ltr'>At</span> <span class='ocrx_word' id='word_1_29' title='bbox 331 1101 505 1186; x_wconf 86' lang='lat' dir='ltr'>Messapus,</span> <span class='ocrx_word' id='word_1_30' title='bbox 519 1100 633 1186; x_wconf 80' lang='lat' dir='ltr'>equiim</span> <span class='ocrx_word' id='word_1_31' title='bbox 648 1099 791 1179; x_wconf 88' lang='lat' dir='ltr'>domitor,</span> <span class='ocrx_word' id='word_1_32' title='bbox 806 1101 965 1186; x_wconf 86' lang='lat' dir='ltr'>Neptunia</span> <span class='ocrx_word' id='word_1_33' title='bbox 979 1098 1094 1186; x_wconf 88' lang='lat' dir='ltr'>proles,</span> 
     </span>
     <span class='ocr_line' id='line_1_8' title="bbox 274 1201 1045 1289; baseline -0.003 -21"><span class='ocrx_word' id='word_1_34' title='bbox 274 1202 438 1268; x_wconf 88' lang='lat' dir='ltr'>Rescindit</span> <span class='ocrx_word' id='word_1_35' title='bbox 453 1201 578 1283; x_wconf 88' lang='lat' dir='ltr'>vallum,</span> <span class='ocrx_word' id='word_1_36' title='bbox 593 1215 623 1266; x_wconf 91' lang='lat' dir='ltr'>et</span> <span class='ocrx_word' id='word_1_37' title='bbox 637 1202 741 1266; x_wconf 87' lang='lat' dir='ltr'>scalas</span> <span class='ocrx_word' id='word_1_38' title='bbox 755 1201 787 1266; x_wconf 91' lang='lat' dir='ltr'>in</span> <span class='ocrx_word' id='word_1_39' title='bbox 802 1204 918 1268; x_wconf 87' lang='lat' dir='ltr'>moenia</span> <span class='ocrx_word' id='word_1_40' title='bbox 932 1206 1045 1289; x_wconf 89' lang='lat' dir='ltr'>poscit.</span> 
     </span>
     <span class='ocr_line' id='line_1_9' title="bbox 317 1307 1064 1396; baseline 0 -22"><span class='ocrx_word' id='word_1_41' title='bbox 317 1309 395 1390; x_wconf 89' lang='lat' dir='ltr'>Vos,</span> <span class='ocrx_word' id='word_1_42' title='bbox 409 1332 429 1375; x_wconf 93' lang='lat' dir='ltr'>o</span> <span class='ocrx_word' id='word_1_43' title='bbox 444 1307 600 1396; x_wconf 90' lang='lat' dir='ltr'>Calliope,</span> <span class='ocrx_word' id='word_1_44' title='bbox 614 1330 738 1395; x_wconf 84' lang='lat' dir='ltr'>precor,</span> <span class='ocrx_word' id='word_1_45' title='bbox 753 1307 913 1395; x_wconf 86' lang='lat' dir='ltr'>adspirate</span> <span class='ocrx_word' id='word_1_46' title='bbox 927 1313 1064 1392; x_wconf 88' lang='lat' dir='ltr'>canenti,</span> 
     </span>
     <span class='ocr_line' id='line_1_10' title="bbox 273 1413 1104 1498; baseline 0.002 -21"><span class='ocrx_word' id='word_1_47' title='bbox 273 1414 360 1496; x_wconf 85' lang='lat' dir='ltr'>Quas</span> <span class='ocrx_word' id='word_1_48' title='bbox 376 1413 422 1476; x_wconf 89' lang='lat' dir='ltr'>ibi</span> <span class='ocrx_word' id='word_1_49' title='bbox 436 1425 508 1477; x_wconf 91' lang='lat' dir='ltr'>tunc</span> <span class='ocrx_word' id='word_1_50' title='bbox 523 1413 607 1478; x_wconf 88' lang='lat' dir='ltr'>ferro</span> <span class='ocrx_word' id='word_1_51' title='bbox 621 1425 750 1498; x_wconf 86' lang='lat' dir='ltr'>strages,</span> <span class='ocrx_word' id='word_1_52' title='bbox 765 1433 835 1497; x_wconf 77' lang='lat' dir='ltr'>quas</span> <span class='ocrx_word' id='word_1_53' title='bbox 850 1413 962 1477; x_wconf 86' lang='lat' dir='ltr'>funera</span> <span class='ocrx_word' id='word_1_54' title='bbox 977 1413 1104 1480; x_wconf 87' lang='lat' dir='ltr'>Turnus</span> 
     </span>
     <span class='ocr_line' id='line_1_11' title="bbox 274 1513 1104 1600; baseline 0.002 -20"><span class='ocrx_word' id='word_1_55' title='bbox 274 1513 430 1595; x_wconf 90' lang='lat' dir='ltr'>Ediderit,</span> <span class='ocrx_word' id='word_1_56' title='bbox 451 1537 543 1600; x_wconf 89' lang='lat' dir='ltr'>quem</span> <span class='ocrx_word' id='word_1_57' title='bbox 559 1517 691 1600; x_wconf 88' lang='lat' dir='ltr'>quisque</span> <span class='ocrx_word' id='word_1_58' title='bbox 706 1516 806 1578; x_wconf 73' lang='lat' dir='ltr'>vuum</span> <span class='ocrx_word' id='word_1_59' title='bbox 820 1513 984 1580; x_wconf 88' lang='lat' dir='ltr'>demiserit</span> <span class='ocrx_word' id='word_1_60' title='bbox 998 1515 1104 1596; x_wconf 89' lang='lat' dir='ltr'>Orco;</span> 
     </span>
     <span class='ocr_line' id='line_1_12' title="bbox 273 1617 950 1702; baseline 0 -20"><span class='ocrx_word' id='word_1_61' title='bbox 273 1617 314 1682; x_wconf 90' lang='lat' dir='ltr'>Et</span> <span class='ocrx_word' id='word_1_62' title='bbox 328 1637 449 1682; x_wconf 90' lang='lat' dir='ltr'>mecum</span> <span class='ocrx_word' id='word_1_63' title='bbox 465 1620 605 1702; x_wconf 87' lang='lat' dir='ltr'>ingentes</span> <span class='ocrx_word' id='word_1_64' title='bbox 619 1637 692 1681; x_wconf 86' lang='lat' dir='ltr'>oras</span> <span class='ocrx_word' id='word_1_65' title='bbox 706 1617 840 1682; x_wconf 81' lang='lat' dir='ltr'>evolvite</span> <span class='ocrx_word' id='word_1_66' title='bbox 856 1617 950 1682; x_wconf 86' lang='lat' dir='ltr'>belli:</span> 
     </span>
     <span class='ocr_line' id='line_1_13' title="bbox 273 1714 1146 1807; baseline 0.002 -23"><span class='ocrx_word' id='word_1_67' title='bbox 273 1714 330 1804; x_wconf 89' lang='lat' dir='ltr'>[Et</span> <span class='ocrx_word' id='word_1_68' title='bbox 344 1719 526 1785; x_wconf 89' lang='lat' dir='ltr'>meministis</span> <span class='ocrx_word' id='word_1_69' title='bbox 542 1721 634 1800; x_wconf 89' lang='lat' dir='ltr'>enim,</span> <span class='ocrx_word' id='word_1_70' title='bbox 648 1719 737 1800; x_wconf 81' lang='lat' dir='ltr'>dive,</span> <span class='ocrx_word' id='word_1_71' title='bbox 749 1734 780 1785; x_wconf 88' lang='lat' dir='ltr'>et</span> <span class='ocrx_word' id='word_1_72' title='bbox 795 1742 969 1786; x_wconf 85' lang='lat' dir='ltr'>memorare</span> <span class='ocrx_word' id='word_1_73' title='bbox 988 1722 1146 1807; x_wconf 78' lang='lat' dir='ltr'>potestis]</span> 
     </span>
     <span class='ocr_line' id='line_1_14' title="bbox 317 1823 1071 1910; baseline 0.003 -23"><span class='ocrx_word' id='word_1_74' title='bbox 317 1823 427 1888; x_wconf 81' lang='lat' dir='ltr'>Turris</span> <span class='ocrx_word' id='word_1_75' title='bbox 443 1837 511 1889; x_wconf 87' lang='lat' dir='ltr'>erat</span> <span class='ocrx_word' id='word_1_76' title='bbox 525 1838 614 1888; x_wconf 88' lang='lat' dir='ltr'>vasto</span> <span class='ocrx_word' id='word_1_77' title='bbox 628 1837 773 1910; x_wconf 88' lang='lat' dir='ltr'>suspectu</span> <span class='ocrx_word' id='word_1_78' title='bbox 790 1838 820 1889; x_wconf 90' lang='lat' dir='ltr'>et</span> <span class='ocrx_word' id='word_1_79' title='bbox 834 1827 981 1910; x_wconf 79' lang='lat' dir='ltr'>pontibus</span> <span class='ocrx_word' id='word_1_80' title='bbox 992 1825 1071 1904; x_wconf 91' lang='lat' dir='ltr'>altis,</span> 
     </span>
     <span class='ocr_line' id='line_1_15' title="bbox 272 1928 1059 2015; baseline 0.001 -22"><span class='ocrx_word' id='word_1_81' title='bbox 272 1928 458 2015; x_wconf 89' lang='lat' dir='ltr'>Opportuna</span> <span class='ocrx_word' id='word_1_82' title='bbox 473 1928 552 2008; x_wconf 88' lang='lat' dir='ltr'>loco,</span> <span class='ocrx_word' id='word_1_83' title='bbox 567 1932 695 1994; x_wconf 88' lang='lat' dir='ltr'>summis</span> <span class='ocrx_word' id='word_1_84' title='bbox 711 1951 804 2013; x_wconf 89' lang='lat' dir='ltr'>quam</span> <span class='ocrx_word' id='word_1_85' title='bbox 819 1931 942 1994; x_wconf 86' lang='lat' dir='ltr'>viribus</span> <span class='ocrx_word' id='word_1_86' title='bbox 952 1953 1059 1995; x_wconf 89' lang='lat' dir='ltr'>omnes</span> 
     </span>
     <span class='ocr_line' id='line_1_16' title="bbox 274 2030 1084 2119; baseline 0.001 -24"><span class='ocrx_word' id='word_1_87' title='bbox 274 2031 466 2118; x_wconf 85' lang='lat' dir='ltr'>Expugnare</span> <span class='ocrx_word' id='word_1_88' title='bbox 482 2030 758 2115; x_wconf 61' lang='lat' dir='ltr'>nationibusque</span> <span class='ocrx_word' id='word_1_89' title='bbox 774 2047 918 2097; x_wconf 82' lang='lat' dir='ltr'>evertere</span> <span class='ocrx_word' id='word_1_90' title='bbox 933 2055 1026 2119; x_wconf 88' lang='lat' dir='ltr'>opum</span> <span class='ocrx_word' id='word_1_91' title='bbox 1041 2035 1084 2112; x_wconf 84' lang='lat' dir='ltr'>vi,</span> 
     </span>
     <span class='ocr_line' id='line_1_17' title="bbox 274 2135 998 2230; baseline 0.004 -31"><span class='ocrx_word' id='word_1_92' title='bbox 274 2135 459 2214; x_wconf 85' lang='lat' dir='ltr'>Certabant,</span> <span class='ocrx_word' id='word_1_93' title='bbox 474 2135 575 2198; x_wconf 67' lang='lat' dir='ltr'>Trois</span> <span class='ocrx_word' id='word_1_94' title='bbox 589 2135 700 2200; x_wconf 75' lang='lat' dir='ltr'>contra</span> <span class='ocrx_word' id='word_1_95' title='bbox 714 2135 887 2201; x_wconf 86' lang='lat' dir='ltr'>defendere</span> <span class='ocrx_word' id='word_1_96' title='bbox 903 2141 998 2230; x_wconf 80' lang='lat' dir='ltr'>saxis,</span> 
     </span>
     <span class='ocr_line' id='line_1_18' title="bbox 275 2227 1066 2326; baseline 0.001 -20"><span class='ocrx_word' id='word_1_97' title='bbox 275 2227 398 2326; x_wconf 86' lang='lat' dir='ltr'>Perque</span> <span class='ocrx_word' id='word_1_98' title='bbox 413 2261 510 2305; x_wconf 89' lang='lat' dir='ltr'>cavas</span> <span class='ocrx_word' id='word_1_99' title='bbox 524 2239 614 2304; x_wconf 87' lang='lat' dir='ltr'>densi</span> <span class='ocrx_word' id='word_1_100' title='bbox 630 2239 691 2304; x_wconf 84' lang='lat' dir='ltr'>tcla</span> <span class='ocrx_word' id='word_1_101' title='bbox 707 2243 887 2326; x_wconf 82' lang='lat' dir='ltr'>intorquere</span> <span class='ocrx_word' id='word_1_102' title='bbox 902 2244 1066 2307; x_wconf 83' lang='lat' dir='ltr'>fenestras.</span> 
     </span>
     <span class='ocr_line' id='line_1_19' title="bbox 276 2343 1065 2432; baseline 0.001 -23"><span class='ocrx_word' id='word_1_103' title='bbox 276 2343 427 2430; x_wconf 87' lang='lat' dir='ltr'>Princeps</span> <span class='ocrx_word' id='word_1_104' title='bbox 443 2344 604 2409; x_wconf 85' lang='lat' dir='ltr'>ardentem</span> <span class='ocrx_word' id='word_1_105' title='bbox 618 2345 753 2430; x_wconf 86' lang='lat' dir='ltr'>conjecit</span> <span class='ocrx_word' id='word_1_106' title='bbox 767 2345 916 2432; x_wconf 89' lang='lat' dir='ltr'>lampada</span> <span class='ocrx_word' id='word_1_107' title='bbox 931 2347 1065 2427; x_wconf 86' lang='lat' dir='ltr'>Turnus,</span> 
     </span>
     <span class='ocr_line' id='line_1_20' title="bbox 275 2439 1061 2534; baseline 0.003 -22"><span class='ocrx_word' id='word_1_108' title='bbox 275 2447 317 2512; x_wconf 91' lang='lat' dir='ltr'>Et</span> <span class='ocrx_word' id='word_1_109' title='bbox 331 2439 487 2512; x_wconf 81' lang='lat' dir='ltr'>flammam</span> <span class='ocrx_word' id='word_1_110' title='bbox 502 2447 599 2512; x_wconf 84' lang='lat' dir='ltr'>affixit</span> <span class='ocrx_word' id='word_1_111' title='bbox 613 2446 712 2526; x_wconf 89' lang='lat' dir='ltr'>lateri,</span> <span class='ocrx_word' id='word_1_112' title='bbox 729 2469 798 2532; x_wconf 84' lang='lat' dir='ltr'>quae</span> <span class='ocrx_word' id='word_1_113' title='bbox 819 2447 953 2534; x_wconf 88' lang='lat' dir='ltr'>plurima</span> <span class='ocrx_word' id='word_1_114' title='bbox 968 2463 1061 2514; x_wconf 89' lang='lat' dir='ltr'>vento</span> 
     </span>
     <span class='ocr_line' id='line_1_21' title="bbox 276 2551 1023 2638; baseline 0.001 -24"><span class='ocrx_word' id='word_1_115' title='bbox 276 2551 438 2638; x_wconf 88' lang='lat' dir='ltr'>Corripuit</span> <span class='ocrx_word' id='word_1_116' title='bbox 453 2551 587 2631; x_wconf 81' lang='lat' dir='ltr'>tabulas,</span> <span class='ocrx_word' id='word_1_117' title='bbox 602 2565 631 2616; x_wconf 91' lang='lat' dir='ltr'>et</span> <span class='ocrx_word' id='word_1_118' title='bbox 645 2553 788 2638; x_wconf 90' lang='lat' dir='ltr'>postibus</span> <span class='ocrx_word' id='word_1_119' title='bbox 804 2552 893 2618; x_wconf 87' lang='lat' dir='ltr'>haesit</span> <span class='ocrx_word' id='word_1_120' title='bbox 909 2553 1023 2618; x_wconf 87' lang='lat' dir='ltr'>adesis.</span> 
     </span>
     <span class='ocr_line' id='line_1_22' title="bbox 274 2655 1050 2742; baseline 0.005 -24"><span class='ocrx_word' id='word_1_121' title='bbox 274 2655 410 2720; x_wconf 88' lang='lat' dir='ltr'>Turbati</span> <span class='ocrx_word' id='word_1_122' title='bbox 425 2655 584 2741; x_wconf 84' lang='lat' dir='ltr'>trepidare</span> <span class='ocrx_word' id='word_1_123' title='bbox 599 2656 690 2735; x_wconf 91' lang='lat' dir='ltr'>intus,</span> <span class='ocrx_word' id='word_1_124' title='bbox 704 2657 882 2742; x_wconf 84' lang='lat' dir='ltr'>frustraque</span> <span class='ocrx_word' id='word_1_125' title='bbox 898 2657 1050 2722; x_wconf 86' lang='lat' dir='ltr'>malorum</span> 
     </span>
     <span class='ocr_line' id='line_1_23' title="bbox 277 2760 1176 2850; baseline 0.003 -25"><span class='ocrx_word' id='word_1_126' title='bbox 277 2760 372 2826; x_wconf 83' lang='lat' dir='ltr'>Velle</span> <span class='ocrx_word' id='word_1_127' title='bbox 387 2763 510 2848; x_wconf 86' lang='lat' dir='ltr'>fugam:</span> <span class='ocrx_word' id='word_1_128' title='bbox 534 2762 607 2826; x_wconf 89' lang='lat' dir='ltr'>dum</span> <span class='ocrx_word' id='word_1_129' title='bbox 623 2783 656 2826; x_wconf 91' lang='lat' dir='ltr'>se</span> <span class='ocrx_word' id='word_1_130' title='bbox 671 2762 855 2848; x_wconf 86' lang='lat' dir='ltr'>glomerant,</span> <span class='ocrx_word' id='word_1_131' title='bbox 870 2777 1019 2850; x_wconf 86' lang='lat' dir='ltr'>retroquc</span> <span class='ocrx_word' id='word_1_132' title='bbox 1034 2763 1176 2830; x_wconf 85' lang='lat' dir='ltr'>residunt</span> 
     </span>
     <span class='ocr_line' id='line_1_24' title="bbox 277 2865 1095 2952; baseline 0.004 -23"><span class='ocrx_word' id='word_1_133' title='bbox 277 2865 312 2929; x_wconf 94' lang='lat' dir='ltr'>ln</span> <span class='ocrx_word' id='word_1_134' title='bbox 326 2879 446 2950; x_wconf 88' lang='lat' dir='ltr'>partem</span> <span class='ocrx_word' id='word_1_135' title='bbox 462 2885 532 2949; x_wconf 70' lang='lat' dir='ltr'>quae</span> <span class='ocrx_word' id='word_1_136' title='bbox 547 2879 634 2949; x_wconf 88' lang='lat' dir='ltr'>poste</span> <span class='ocrx_word' id='word_1_137' title='bbox 650 2880 748 2946; x_wconf 89' lang='lat' dir='ltr'>caret,</span> <span class='ocrx_word' id='word_1_138' title='bbox 763 2879 826 2931; x_wconf 89' lang='lat' dir='ltr'>tum</span> <span class='ocrx_word' id='word_1_139' title='bbox 842 2867 983 2952; x_wconf 88' lang='lat' dir='ltr'>pondere</span> <span class='ocrx_word' id='word_1_140' title='bbox 998 2869 1095 2932; x_wconf 86' lang='lat' dir='ltr'>turris</span> 
     </span>
     <span class='ocr_line' id='line_1_25' title="bbox 277 2967 1114 3058; baseline 0.002 -25"><span class='ocrx_word' id='word_1_141' title='bbox 277 2969 447 3034; x_wconf 91' lang='lat' dir='ltr'>Procubuit</span> <span class='ocrx_word' id='word_1_142' title='bbox 462 2967 574 3047; x_wconf 85' lang='lat' dir='ltr'>subitd,</span> <span class='ocrx_word' id='word_1_143' title='bbox 590 2981 620 3031; x_wconf 89' lang='lat' dir='ltr'>et</span> <span class='ocrx_word' id='word_1_144' title='bbox 635 2969 750 3034; x_wconf 89' lang='lat' dir='ltr'>coelum</span> <span class='ocrx_word' id='word_1_145' title='bbox 766 2983 852 3036; x_wconf 86' lang='lat' dir='ltr'>tonat</span> <span class='ocrx_word' id='word_1_146' title='bbox 866 2993 958 3036; x_wconf 86' lang='lat' dir='ltr'>omnc</span> <span class='ocrx_word' id='word_1_147' title='bbox 974 2973 1114 3058; x_wconf 85' lang='lat' dir='ltr'>fragore.</span> 
     </span>
     <span class='ocr_line' id='line_1_26' title="bbox 278 3069 1026 3154; baseline 0.004 -18"><span class='ocrx_word' id='word_1_148' title='bbox 278 3072 456 3136; x_wconf 86' lang='lat' dir='ltr'>Semineces</span> <span class='ocrx_word' id='word_1_149' title='bbox 471 3069 511 3134; x_wconf 91' lang='lat' dir='ltr'>ad</span> <span class='ocrx_word' id='word_1_150' title='bbox 527 3083 654 3150; x_wconf 85' lang='lat' dir='ltr'>terram,</span> <span class='ocrx_word' id='word_1_151' title='bbox 669 3071 796 3138; x_wconf 88' lang='lat' dir='ltr'>immani</span> <span class='ocrx_word' id='word_1_152' title='bbox 811 3073 893 3138; x_wconf 90' lang='lat' dir='ltr'>mole</span> <span class='ocrx_word' id='word_1_153' title='bbox 908 3075 1026 3154; x_wconf 75' lang='lat' dir='ltr'>secuti,</span> 
     </span>
     <span class='ocr_line' id='line_1_27' title="bbox 277 3173 924 3261; baseline 0.005 -22"><span class='ocrx_word' id='word_1_154' title='bbox 277 3175 467 3258; x_wconf 87' lang='lat' dir='ltr'>Confixique</span> <span class='ocrx_word' id='word_1_155' title='bbox 482 3173 544 3237; x_wconf 88' lang='lat' dir='ltr'>suis</span> <span class='ocrx_word' id='word_1_156' title='bbox 559 3173 637 3253; x_wconf 89' lang='lat' dir='ltr'>telis,</span> <span class='ocrx_word' id='word_1_157' title='bbox 652 3187 683 3238; x_wconf 89' lang='lat' dir='ltr'>et</span> <span class='ocrx_word' id='word_1_158' title='bbox 699 3191 829 3261; x_wconf 88' lang='lat' dir='ltr'>pectora</span> <span class='ocrx_word' id='word_1_159' title='bbox 844 3177 924 3242; x_wconf 86' lang='lat' dir='ltr'>duro</span> 
     </span>
     <span class='ocr_line' id='line_1_28' title="bbox 277 3277 1095 3365; baseline 0.002 -21"><span class='ocrx_word' id='word_1_160' title='bbox 277 3279 457 3344; x_wconf 87' lang='lat' dir='ltr'>Traussossi</span> <span class='ocrx_word' id='word_1_161' title='bbox 471 3277 563 3365; x_wconf 87' lang='lat' dir='ltr'>ligno,</span> <span class='ocrx_word' id='word_1_162' title='bbox 578 3279 717 3342; x_wconf 86' lang='lat' dir='ltr'>veniunt.</span> <span class='ocrx_word' id='word_1_163' title='bbox 762 3280 829 3345; x_wconf 85' lang='lat' dir='ltr'>Vix</span> <span class='ocrx_word' id='word_1_164' title='bbox 844 3303 923 3345; x_wconf 89' lang='lat' dir='ltr'>unus</span> <span class='ocrx_word' id='word_1_165' title='bbox 940 3280 1095 3362; x_wconf 89' lang='lat' dir='ltr'>Helenor,</span> 
     </span>
     <span class='ocr_line' id='line_1_29' title="bbox 276 3379 1090 3468; baseline 0 -22"><span class='ocrx_word' id='word_1_166' title='bbox 276 3381 318 3446; x_wconf 91' lang='lat' dir='ltr'>Et</span> <span class='ocrx_word' id='word_1_167' title='bbox 332 3381 451 3468; x_wconf 83' lang='lat' dir='ltr'>Lycus,</span> <span class='ocrx_word' id='word_1_168' title='bbox 465 3379 563 3465; x_wconf 87' lang='lat' dir='ltr'>elapsi</span> <span class='ocrx_word' id='word_1_169' title='bbox 576 3405 584 3458; x_wconf 83' lang='lat'>3</span> <span class='ocrx_word' id='word_1_170' title='bbox 606 3400 738 3464; x_wconf 89' lang='lat' dir='ltr'>quorum</span> <span class='ocrx_word' id='word_1_171' title='bbox 752 3382 920 3466; x_wconf 84' lang='lat' dir='ltr'>primaevus</span> <span class='ocrx_word' id='word_1_172' title='bbox 936 3381 1090 3462; x_wconf 88' lang='lat' dir='ltr'>Helenor,</span> 
     </span>
     <span class='ocr_line' id='line_1_30' title="bbox 278 3484 1016 3570; baseline 0 -20"><span class='ocrx_word' id='word_1_173' title='bbox 278 3485 415 3550; x_wconf 85' lang='lat' dir='ltr'>Maeonio</span> <span class='ocrx_word' id='word_1_174' title='bbox 430 3487 496 3569; x_wconf 86' lang='lat' dir='ltr'>regi</span> <span class='ocrx_word' id='word_1_175' title='bbox 512 3505 604 3570; x_wconf 89' lang='lat' dir='ltr'>quem</span> <span class='ocrx_word' id='word_1_176' title='bbox 619 3505 712 3547; x_wconf 82' lang='lat' dir='ltr'>serva</span> <span class='ocrx_word' id='word_1_177' title='bbox 728 3484 896 3570; x_wconf 83' lang='lat' dir='ltr'>Licymnia</span> <span class='ocrx_word' id='word_1_178' title='bbox 913 3487 1016 3550; x_wconf 79' lang='lat' dir='ltr'>suctim</span> 
     </span>
     <span class='ocr_line' id='line_1_31' title="bbox 279 3585 1106 3673; baseline -0.001 -20"><span class='ocrx_word' id='word_1_179' title='bbox 279 3587 460 3666; x_wconf 87' lang='lat' dir='ltr'>Sustulerat,</span> <span class='ocrx_word' id='word_1_180' title='bbox 475 3586 639 3670; x_wconf 88' lang='lat' dir='ltr'>vetitisque</span> <span class='ocrx_word' id='word_1_181' title='bbox 655 3585 696 3649; x_wconf 89' lang='lat' dir='ltr'>ad</span> <span class='ocrx_word' id='word_1_182' title='bbox 712 3585 842 3673; x_wconf 86' lang='lat' dir='ltr'>Trojam</span> <span class='ocrx_word' id='word_1_183' title='bbox 858 3590 987 3652; x_wconf 88' lang='lat' dir='ltr'>miserat</span> <span class='ocrx_word' id='word_1_184' title='bbox 1001 3588 1106 3658; x_wconf 80' lang='lat' dir='ltr'>armis,</span> 
     </span>
     <span class='ocr_line' id='line_1_32' title="bbox 184 3672 1019 3777; baseline -0.006 -17"><span class='ocrx_word' id='word_1_185' title='bbox 184 3672 189 3689; x_wconf 53' lang='lat'><strong><em>⁴</em></strong></span> <span class='ocrx_word' id='word_1_186' title='bbox 279 3693 362 3760; x_wconf 86' lang='lat' dir='ltr'>Ense</span> <span class='ocrx_word' id='word_1_187' title='bbox 377 3691 455 3756; x_wconf 89' lang='lat' dir='ltr'>levis</span> <span class='ocrx_word' id='word_1_188' title='bbox 470 3689 564 3768; x_wconf 92' lang='lat' dir='ltr'>nudo,</span> <span class='ocrx_word' id='word_1_189' title='bbox 578 3687 750 3775; x_wconf 75' lang='lat' dir='ltr'>parmisque</span> <span class='ocrx_word' id='word_1_190' title='bbox 765 3689 916 3777; x_wconf 88' lang='lat' dir='ltr'>inglorius</span> <span class='ocrx_word' id='word_1_191' title='bbox 934 3691 1019 3756; x_wconf 78' lang='lat' dir='ltr'>albi.</span> 
     </span>
     <span class='ocr_line' id='line_1_33' title="bbox 278 3793 1040 3880; baseline -0.004 -19"><span class='ocrx_word' id='word_1_192' title='bbox 278 3797 371 3880; x_wconf 89' lang='lat' dir='ltr'>lsque</span> <span class='ocrx_word' id='word_1_193' title='bbox 386 3795 442 3859; x_wconf 92' lang='lat' dir='ltr'>ubi</span> <span class='ocrx_word' id='word_1_194' title='bbox 457 3815 490 3857; x_wconf 86' lang='lat' dir='ltr'>se</span> <span class='ocrx_word' id='word_1_195' title='bbox 506 3794 606 3858; x_wconf 90' lang='lat' dir='ltr'>Turni</span> <span class='ocrx_word' id='word_1_196' title='bbox 624 3793 727 3858; x_wconf 87' lang='lat' dir='ltr'>media</span> <span class='ocrx_word' id='word_1_197' title='bbox 743 3796 825 3857; x_wconf 87' lang='lat' dir='ltr'>inter</span> <span class='ocrx_word' id='word_1_198' title='bbox 839 3794 938 3859; x_wconf 87' lang='lat' dir='ltr'>millia</span> <span class='ocrx_word' id='word_1_199' title='bbox 953 3795 1040 3876; x_wconf 89' lang='lat' dir='ltr'>vidit,</span> 
     </span>
     <span class='ocr_line' id='line_1_34' title="bbox 279 3896 1067 3982; baseline -0.008 -16"><span class='ocrx_word' id='word_1_200' title='bbox 279 3901 366 3966; x_wconf 87' lang='lat' dir='ltr'>Hinc</span> <span class='ocrx_word' id='word_1_201' title='bbox 382 3899 466 3963; x_wconf 90' lang='lat' dir='ltr'>acies</span> <span class='ocrx_word' id='word_1_202' title='bbox 482 3912 575 3982; x_wconf 82' lang='lat' dir='ltr'>atque</span> <span class='ocrx_word' id='word_1_203' title='bbox 591 3896 662 3962; x_wconf 88' lang='lat' dir='ltr'>hinc</span> <span class='ocrx_word' id='word_1_204' title='bbox 678 3897 763 3962; x_wconf 86' lang='lat' dir='ltr'>acies</span> <span class='ocrx_word' id='word_1_205' title='bbox 778 3897 904 3962; x_wconf 89' lang='lat' dir='ltr'>adstare</span> <span class='ocrx_word' id='word_1_206' title='bbox 920 3899 1067 3976; x_wconf 80' lang='lat' dir='ltr'>Latinas3</span> 
     </span>
     <span class='ocr_line' id='line_1_35' title="bbox 279 3999 1034 4086; baseline -0.005 -20"><span class='ocrx_word' id='word_1_207' title='bbox 279 4001 324 4066; x_wconf 89' lang='lat' dir='ltr'>Ut</span> <span class='ocrx_word' id='word_1_208' title='bbox 338 4003 416 4082; x_wconf 84' lang='lat' dir='ltr'>lere,</span> <span class='ocrx_word' id='word_1_209' title='bbox 430 4023 500 4086; x_wconf 86' lang='lat' dir='ltr'>quae</span> <span class='ocrx_word' id='word_1_210' title='bbox 516 3999 614 4066; x_wconf 72' lang='lat' dir='ltr'>deusd</span> <span class='ocrx_word' id='word_1_211' title='bbox 628 3999 797 4065; x_wconf 79' lang='lat' dir='ltr'>venantum</span> <span class='ocrx_word' id='word_1_212' title='bbox 812 4015 902 4086; x_wconf 88' lang='lat' dir='ltr'>septa</span> <span class='ocrx_word' id='word_1_213' title='bbox 916 3999 1034 4068; x_wconf 73' lang='lat' dir='ltr'>coronis</span> 
     </span>
     <span class='ocr_line' id='line_1_36' title="bbox 280 4103 1056 4190; baseline 0 -22"><span class='ocrx_word' id='word_1_214' title='bbox 280 4103 400 4173; x_wconf 88' lang='lat' dir='ltr'>Contra</span> <span class='ocrx_word' id='word_1_215' title='bbox 417 4104 478 4169; x_wconf 88' lang='lat' dir='ltr'>tela</span> <span class='ocrx_word' id='word_1_216' title='bbox 493 4105 576 4184; x_wconf 86' lang='lat' dir='ltr'>lurit,</span> <span class='ocrx_word' id='word_1_217' title='bbox 591 4125 724 4190; x_wconf 90' lang='lat' dir='ltr'>seseque</span> <span class='ocrx_word' id='word_1_218' title='bbox 738 4103 825 4172; x_wconf 87' lang='lat' dir='ltr'>haud</span> <span class='ocrx_word' id='word_1_219' title='bbox 839 4107 948 4172; x_wconf 89' lang='lat' dir='ltr'>nescia</span> <span class='ocrx_word' id='word_1_220' title='bbox 963 4107 1056 4170; x_wconf 89' lang='lat' dir='ltr'>morti</span> 
     </span>
    </p>
   </div>
   <div class='ocr_carea' id='block_1_3' title="bbox 0 0 1400 4998">
    <p class='ocr_par' dir='ltr' id='par_1_3' title="bbox 0 0 1400 4998">
     <span class='ocr_line' id='line_1_37' title="bbox 0 0 1400 4998; baseline 0 0"><span class='ocrx_word' id='word_1_221' title='bbox 0 0 1400 4998; x_wconf 95' lang='lat' dir='ltr'> </span> 
     </span>
    </p>
   </div>
  </div>
 </body>
</html>
