2928 5002
218 411 255 467 48

612 407 901 472 GEORGICORUM

261 550 387 624 'litboni
403 579 549 624 croceum
565 559 705 648 linquens
720 562 842 627 Aurora
853 563 981 646 cubile;

261 665 334 732 Heu
350 669 357 731 !
382 665 543 732 maletum
556 666 645 731 mites
661 665 809 732 desendet
824 671 985 755 pampinus
1001 693 1087 750 uvas,

261 771 344 838 Tem
359 772 454 837 multa
469 773 500 836 in
517 773 605 838 tectis
619 774 774 858 crepitans
790 774 858 838 sulit
869 774 992 840 horride
1007 779 1135 860 grando.

305 874 378 943 Hoc
393 880 496 956 etiem,
513 899 639 944 emenso
652 900 745 963 quum
756 877 822 964 jam
839 880 974 945 decedet
989 881 1137 970 Olympo,
1235 891 1301 952 450

259 982 415 1049 Profuerit
430 987 605 1050 meminisse
622 981 742 1070 magis;
765 1007 837 1052 nam
853 986 934 1073 sepe
949 987 1092 1054 videmus

258 1091 359 1178 Ipsius
373 1093 403 1155 in
418 1091 503 1156 vultu
514 1092 614 1156 vatins
630 1111 733 1155 errare
749 1091 892 1156 colores:

260 1197 421 1263 Ceruleus
437 1197 570 1283 pluviem
586 1196 755 1272 denuntiat,
768 1199 876 1280 igneus
891 1217 994 1263 euros.

260 1301 316 1368 Sin
333 1303 459 1368 macule
476 1301 621 1385 incipient
635 1300 725 1363 rutilo
740 1299 942 1364 immiscerier
958 1304 1034 1388 igni,

260 1409 375 1476 Omnia
389 1423 462 1472 tunc
477 1405 591 1492 pariter
607 1419 699 1469 vento
714 1405 886 1492 nimbisque
898 1407 1018 1474 videbis
1234 1419 1298 1480 455

260 1515 421 1582 Feruere:
443 1534 504 1578 non
519 1509 572 1574 illd
587 1511 746 1598 quisquam
762 1534 813 1578 me
829 1528 920 1578 nocte
935 1537 991 1600 per
1008 1517 1102 1584 ultum

259 1621 321 1700 Ire,
333 1639 434 1704 neque
450 1639 467 1682 a
484 1616 567 1683 terrb
581 1634 704 1684 moneat
719 1619 893 1685 convellere
910 1620 1026 1688 sunem.

258 1725 302 1790 At
316 1725 352 1802 si,
369 1745 463 1809 quum
475 1720 650 1808 reseretque
668 1723 761 1801 diem,
778 1725 952 1811 condetque
969 1728 1111 1811 relatum,

259 1827 401 1896 Lucidus
411 1828 493 1892 orbis
508 1827 588 1905 erit3
611 1826 721 1892 frustm
737 1830 894 1893 terrebere
910 1831 1031 1912 nimbis,

260 1933 305 2000 Et
319 1935 403 2000 clero
420 1935 511 2000 silvas
525 1955 636 1998 cernes
653 1935 795 2021 aquilone
812 1937 940 2000 moveri.
1233 1946 1299 2008 460

257 2041 415 2127 Denique,
431 2041 504 2126 quid
520 2039 642 2127 Vesper
657 2062 744 2106 serus
758 2041 860 2122 vehet,
877 2045 959 2110 unde
976 2067 1100 2112 maenas

258 2145 379 2214 Ventus
395 2162 466 2231 agat
479 2147 587 2224 nubes,
605 2147 677 2232 quid
694 2148 808 2232 cogitet
823 2148 968 2214 humidus
982 2151 1107 2230 Auster,

260 2253 315 2320 Sol
330 2255 384 2319 tibi
399 2256 485 2340 signu
500 2253 595 2318 dabit.
620 2251 726 2318 Solem
743 2255 810 2338 quis
826 2253 931 2319 dicere
948 2253 1058 2321 salsum

258 2360 411 2426 Audeat?
434 2359 485 2424 ille
501 2362 710 2439 etiemcecos
725 2361 837 2425 instare
853 2362 1000 2425 tumultus

260 2466 351 2553 sept
367 2481 482 2543 monet,
499 2463 702 2550 fraudemque
719 2481 750 2531 et
765 2480 874 2552 operta
888 2481 1064 2532 tumescere
1078 2468 1172 2533 bella.
1233 2474 1298 2536 465

302 2573 358 2640 1110
374 2573 467 2638 ctiam
483 2573 636 2638 exstincto
651 2574 813 2637 misemtus
828 2569 954 2638 Caesare
970 2571 1116 2652 Romam,

259 2681 366 2756 Quum
382 2692 475 2763 caput
489 2675 623 2741 obscurb
638 2677 766 2741 nitidum
783 2673 937 2761 ferrugine
952 2679 1040 2757 texit,

257 2786 417 2871 Impiaque
434 2797 577 2847 eternam
594 2783 760 2846 timuerunt
774 2781 887 2844 secula
901 2796 1046 2846 noctem:

255 2892 416 2973 Tempore
433 2905 607 2970 quanquam
623 2885 675 2947 illo
687 2886 780 2966 ,tellus
796 2905 919 2970 quoque
936 2901 967 2950 et
983 2907 1105 2972 equora
1120 2895 1217 2976 ponti,

257 2993 468 3076 Obscoenique
483 3009 589 3065 canes,
605 2989 847 3075 importuneque
863 2992 1015 3073 volucres,
1231 3007 1299 3067 470

258 3101 353 3185 Signa
368 3097 491 3162 dabant.
516 3092 649 3170 Quoties
664 3089 840 3180 Cyclopum
853 3095 1005 3164 effervere
1021 3100 1052 3162 in
1068 3121 1157 3184 agros

257 3203 400 3270 Vidimus
415 3201 583 3265 undantem
599 3201 694 3286 ruptis
710 3199 885 3266 somacibus
899 3203 1037 3280 AEtnam,

257 3313 530 3395 Flnmmmumque
546 3306 665 3392 globos,
680 3307 905 3394 liquefactaque
922 3311 1044 3376 volvere
1060 3317 1158 3379 saxu!

258 3419 425 3484 Armorum
440 3415 571 3480 sonitum
591 3427 656 3479 toto
669 3414 837 3480 Germania
852 3415 932 3480 coelo

257 3523 388 3605 Audiit;
410 3521 537 3587 insolitis
552 3533 742 3584 tremuerunt
757 3521 890 3585 motibus
905 3519 1002 3608 Alpes
1015 3543 1025 3599 ς
1231 3534 1299 3592 475

257 3630 329 3695 Vox
346 3649 469 3715 quoque
485 3649 540 3712 per
555 3627 642 3692 lucos
657 3625 748 3710 vulgb
760 3629 906 3692 exaudite
917 3629 1042 3694 silentes

258 3736 381 3820 lugens,
398 3749 429 3798 et
445 3732 607 3798 simulacra
623 3731 722 3796 modis
738 3731 882 3817 pallentia
897 3734 982 3798 mirie

258 3839 334 3906 Visa
350 3840 406 3904 sub
418 3839 582 3904 obscumm
597 3838 716 3918 noctis;
739 3840 938 3924 pecudesque
954 3840 1074 3919 locuto,

256 3947 442 4015 Infandum!
466 3945 574 4008 sistunt
588 3963 705 4021 amnes,
721 3956 869 4029 terreque
886 3945 1070 4026 dehiscunt3

260 4053 305 4120 Et
319 4065 462 4116 moestum
477 4049 647 4135 illacrymet
661 4050 783 4135 templis
797 4048 884 4130 ebur,
902 4073 1022 4138 eraque
1039 4053 1170 4119 sudant:
1230 4059 1296 4120 teu

260 4157 380 4225 Pmluit
393 4157 499 4222 insano
514 4167 718 4240 contorquens
733 4154 849 4220 vertice
865 4153 954 4221 silves
