2928 5002
170 437 208 496 lb

559 437 839 500 BUCOLICORUM

259 597 452 667 Exstinctum
467 601 619 689 Nympha
635 607 751 671 crudeli
767 607 874 671 sunere
886 607 1031 694 Daphnin
1193 615 1237 674 20

216 701 367 769 Flebant:
390 726 454 784 vos,
470 706 575 789 coryli,
590 722 696 786 testes,
712 724 743 774 et
760 711 894 790 flumina,
910 710 1074 798 Nymphis,

215 807 332 886 Quum,
348 810 510 894 complexa
525 812 569 874 sui
583 833 696 898 corpus
710 814 883 878 miserabile
898 816 972 894 nati,

214 911 315 997 Atque
332 915 407 978 deos
422 930 511 999 atque
528 931 607 981 astra
621 917 711 982 v'ocat
725 919 862 984 crudelia
876 933 983 984 mater.

215 1017 287 1085 Nou
301 1022 354 1096 ulli
369 1037 471 1107 pastos
483 1024 540 1088 illis
556 1024 648 1110 egere
662 1028 772 1093 diebus

215 1125 350 1212 Frigida,
366 1127 501 1214 Daphni,
513 1131 607 1194 boves
622 1133 660 1195 ad
676 1131 820 1212 llumiua;
842 1134 923 1196 nulla
939 1155 1040 1220 nequa
1056 1155 1177 1201 emnem
1192 1139 1234 1197 25

213 1229 337 1297 Libavit
352 1235 533 1317 quadrupes,
549 1253 608 1296 nec
623 1235 765 1316 geminis
780 1236 875 1318 attigit
889 1236 1026 1301 herbam.

214 1337 348 1423 Daphni,
364 1352 447 1400 tuum
464 1335 578 1400 Poenos
593 1337 685 1400 etiarn
700 1338 884 1420 ingemuisse
900 1340 1005 1404 leones

212 1441 369 1504 interitum
384 1452 561 1522 montesque
578 1437 632 1503 seri
649 1440 790 1525 silvaque
806 1442 978 1526 loquuntur.

213 1543 353 1629 Daphnis
368 1558 399 1608 et
413 1545 574 1610 Armenias
590 1567 681 1611 curru
698 1547 879 1634 subjungere
894 1550 987 1634 tigres

211 1649 350 1728 instituit,
366 1648 506 1734 Daphnis
520 1649 632 1714 thiasos
646 1650 792 1716 inducere
809 1649 948 1730 Baccho,
1192 1659 1234 1718 ³0

213 1751 257 1819 Et
271 1754 349 1819 soliis
364 1755 460 1818 lentas
476 1755 612 1818 intexere
625 1745 764 1820 mollibus
778 1757 890 1820 hastas.

211 1857 290 1923 Vitis
305 1872 338 1920 ut
353 1856 508 1921 arboribus
518 1857 621 1921 decori
637 1873 694 1937 est,
710 1873 742 1922 ut
757 1859 866 1923 vitibus
882 1881 957 1939 uua,

210 1961 255 2026 Ut
270 1964 411 2048 gregibus
426 1964 513 2038 tauri,
530 1977 650 2046 segetes
665 1977 698 2026 ut
715 1965 874 2048 pinguibus
890 1966 991 2045 arvis3

210 2063 262 2131 Tu
279 2069 375 2132 decus
389 2089 479 2132 omne
496 2067 565 2130 tuis.
612 2067 778 2152 Postquam
794 2083 824 2132 te
842 2069 902 2134 lata
917 2061 1059 2148 tulerunt,

210 2169 282 2257 lpse
301 2172 393 2236 Pales
409 2193 508 2257 agros,
525 2186 615 2257 atque
631 2173 696 2256 ipse
711 2173 833 2257 reliquit
846 2171 978 2260 Apollo:
1192 2179 1233 2239 85

211 2275 347 2342 Grandia
362 2276 442 2361 saph
459 2276 567 2361 quibus
582 2277 791 2341 mandavimus
806 2279 922 2343 hordea
938 2279 1029 2344 sulcis

210 2379 321 2444 lnselix
336 2381 438 2444 lolium
455 2393 486 2444 et
501 2380 623 2444 steriles.
634 2394 797 2444 nascuntur
813 2401 937 2462 erena3

211 2483 274 2549 Pro
290 2485 372 2549 molli
394 2482 484 2560 violi,
500 2503 556 2568 pro
570 2505 724 2568 purpureo
739 2487 884 2562 narcisso,

211 2589 353 2656 Carduus
369 2605 400 2654 et
415 2591 508 2674 spinis
523 2591 616 2672 surgit
631 2589 764 2671 paliurus
780 2590 885 2654 acutis.

255 2695 394 2780 Spargite
409 2694 536 2757 humum
552 2692 640 2767 soliis,
656 2694 788 2757 inducite
804 2691 935 2758 sontibus
950 2696 1082 2774 umbras,
1191 2703 1233 2760 40

211 2803 378 2880 Pastores;
401 2803 524 2866 mandat
539 2801 604 2863 fieri
620 2801 675 2863 sibi
691 2802 761 2865 talia
777 2801 927 2885 Daphnis.

211 2906 255 2972 Et
269 2909 416 2970 tumulum
433 2905 534 2981 facite,
550 2919 580 2967 et
595 2905 710 2967 tumulo
727 2908 921 2989 superaddite
937 2931 1081 2975 carmen:

227 3036 379 3074 ΜΡΗΜΙ
395 3035 460 3071 100
475 3033 511 3068 nt
527 3033 640 3070 srhvrs
656 3033 740 3070 ullo
756 3035 867 3072 vaae!
882 3035 926 3073 AD
941 3037 1075 3078 ΙΙΜΙΔ
1090 3041 1203 3088 ΙΟΉΙ,

227 3112 380 3150 roanos!
396 3109 542 3148 neom
558 3109 686 3154 CVSTOS,
703 3111 905 3166 FORHDUD*
920 3114 1003 3152 ΙΡΙΙ.

606 3213 796 3256 usuraeas.
864 3233 867 3242 .

212 3301 292 3366 Tale
306 3313 389 3364 tuum
405 3317 530 3362 carmen
544 3297 641 3374 nobis,
657 3298 757 3361 divine
773 3300 874 3382 polita,
1190 3308 1232 3367 45

213 3404 315 3481 Quale
331 3423 421 3488 sopor
437 3401 567 3466 sessis‘in
584 3403 730 3486 gramine,
747 3404 837 3488 quale
853 3425 908 3488 per
924 3418 1029 3469 catum

213 3510 321 3574 Dulcis
336 3529 421 3593 aquae
436 3508 560 3572 saliente
577 3509 655 3572 sitim
671 3510 856 3593 restinguere
871 3510 960 3574 rivo:

214 3616 284 3681 Nec
300 3614 424 3678 calamis
439 3612 535 3678 sorum
552 3615 729 3699 aequipares,
744 3615 799 3678 sed
814 3635 902 3692 voce,
917 3616 1092 3700 magistrum
1105 3639 1116 3696 ς

214 3718 380 3786 Fortunate
395 3740 482 3805 puer,
497 3733 529 3782 tu
544 3741 624 3784 nunc
641 3720 701 3783 eris
716 3719 791 3783 alter
807 3719 844 3784 ab
860 3720 922 3785 illo.

207 3825 282 3907 ,Nos
297 3839 399 3890 tamen
412 3825 478 3888 hcc
495 3845 687 3910 quocumque
703 3824 795 3888 modo
810 3825 862 3890 tibi
873 3839 976 3891 nostra
990 3827 1122 3892 vicissim
1192 3831 1234 3890 50

214 3930 373 4008 Dicemus,
389 3925 592 4014 Daphninque
608 3943 693 3994 tuum
704 3929 844 3994 tollemus
859 3931 898 3994 ad
915 3945 1016 4011 astru

215 4035 359 4123 Daphnin
372 4031 412 4098 ad
427 4047 507 4098 astra
521 4031 674 4098 feremus:
697 4033 808 4098 amavit
822 4056 877 4100 nos
893 4055 1013 4121 quoque
1028 4033 1180 4120 Daphnis.
