2772 4998
231 496 289 550 aaa
464 567 467 579 Ι
679 493 869 552 uncinos
945 441 951 466 ⁶

277 648 384 727 lmmo,
400 648 454 711 ubi
471 646 627 712 defuncte
643 646 736 712 finem
750 658 922 732 portusque
938 647 1088 712 tenebunt

277 751 443 827 Ausonios,
457 749 533 814 olim
549 769 755 834 quacumque
771 752 908 816 evaserit
922 749 1033 830 undaS,

277 851 538 938 Dardaniumque
553 851 666 917 ducem
681 852 853 916 Laurentia
868 855 992 918 vexerit
1007 875 1095 931 arva,

278 955 445 1022 Mortalem
461 955 592 1042 eripiam
607 955 749 1036 formam,
764 959 932 1043 magnique
942 957 1065 1042 jubebo

277 1057 427 1145 AEquoris
442 1081 510 1125 esse
524 1058 622 1124 deas:
646 1057 748 1142 qualis
762 1058 881 1122 Nereia
895 1057 980 1122 Doto

277 1164 318 1228 Et
331 1164 464 1228 Galatea
480 1175 588 1227 secant
602 1175 796 1248 spumantem
811 1174 940 1246 pectore
956 1175 1094 1247 pontum.

275 1266 431 1347 Dixerat3
453 1265 547 1352 idque
563 1279 663 1330 ratum
680 1263 782 1352 Stygii
797 1287 854 1350 per
869 1265 997 1330 flumina
1012 1267 1126 1344 srauis,

278 1369 338 1434 Per
352 1373 424 1456 pice
439 1379 593 1432 torrentes
608 1367 739 1452 atraque
755 1368 905 1452 voragine
920 1369 1016 1452 ripas,

278 1475 414 1553 Annuit,
436 1484 468 1538 et
482 1485 579 1537 totum
594 1483 670 1536 nutu
685 1470 861 1534 tremefecit
875 1469 1062 1556 Olympum.

319 1576 403 1663 Ergo
419 1575 529 1665 aderat
542 1578 698 1662 promissa
712 1573 789 1653 dies,
804 1586 835 1637 et
851 1585 991 1658 tempora
1007 1573 1117 1636 Parcae

276 1677 396 1744 Debita
410 1676 615 1764 complerant,
630 1698 726 1761 quum
741 1677 967 1763 Turniinjuria
984 1677 1118 1741 Matrem

277 1781 448 1848 Admonuit
461 1782 581 1846 ratibus
597 1783 697 1845 sacris
711 1779 871 1866 depellere
887 1779 996 1844 tedas.

277 1886 343 1950 Hic
359 1882 493 1971 primum
508 1905 590 1948 nova
605 1883 658 1947 lux
674 1883 774 1948 oculis
791 1880 914 1963 effulsit,
930 1897 961 1946 et
975 1882 1083 1968 ingens

275 1989 373 2056 Visus
387 1989 428 2053 ab
444 1987 557 2054 aurora
568 1987 682 2052 coelum
698 2001 912 2052 transcurrere
926 1987 1061 2064 nimbus,

276 2093 413 2178 Idaeique
429 2091 539 2172 chori;
560 2105 625 2156 tum
640 2095 703 2155 v'ox
717 2090 879 2155 horrenda
892 2113 950 2176 per
965 2111 1059 2156 auras

277 2196 414 2276 Excidit,
428 2207 459 2259 et
473 2195 593 2258 Troum
608 2192 859 2279 Rutulorumque
874 2197 998 2280 agmina
1012 2193 1166 2281 complet:

275 2300 305 2363 N
307 2321 324 2364 e
339 2296 493 2383 trepidate
508 2318 605 2377 meas,
619 2295 746 2376 Teucri,
761 2295 932 2361 defendere
947 2317 1053 2376 naves,

276 2404 365 2468 Neve
380 2413 499 2468 armate
514 2423 642 2482 manus,
664 2405 765 2466 maria
780 2402 852 2466 antd
867 2423 1001 2466 exurere
1016 2403 1124 2468 Turno

275 2505 376 2586 Quam
392 2525 499 2569 sacras
514 2503 644 2570 dabitur
657 2507 760 2592 pinus.
806 2503 884 2585 Vos,
899 2506 941 2569 ite
955 2503 1075 2586 solutae,

275 2610 329 2691 lte,
343 2608 412 2673 deae
427 2607 551 2696 pelagi,
571 2611 715 2694 genetrix
724 2607 826 2693 jubet.
871 2607 912 2671 Et
927 2629 982 2671 sua
997 2628 1131 2694 quaque

275 2711 431 2778 Continud
445 2733 567 2799 puppes
581 2710 770 2796 abrumpunt
783 2710 910 2774 vincula
925 2711 1012 2796 ripis,

274 2815 530 2904 Delphintimque
545 2814 639 2880 modo
654 2813 805 2878 demersis
820 2835 947 2900 aequora
962 2817 1072 2878 rostris

275 2922 340 2984 lma
355 2931 475 3005 petunt.
520 2917 606 2980 Hinc
622 2916 768 3003 virgineae
784 2915 950 2998 (mirabile
964 2919 1165 3000 monstrum),

273 3023 371 3106 [Quot
385 3018 471 3106 priris
485 3031 591 3083 aeratae
606 3031 756 3083 steterant
771 3019 812 3083 ad
828 3018 931 3083 littora
945 3020 1072 3106 prorae,]

275 3123 423 3190 Reddunt
438 3144 472 3186 se
487 3117 615 3186 totidem
630 3123 739 3201 facies,
753 3135 911 3208 pontoque
926 3125 1078 3189 feruntur.

315 3223 514 3313 Obstupuere
529 3225 640 3289 animis
656 3223 784 3306 Rutuli,
805 3229 993 3289 conterritus
1008 3229 1075 3311 ipse

273 3331 424 3397 'l‘urbatis
439 3330 603 3414 Messapus
618 3331 727 3414 equis3
749 3342 913 3393 cunctatur
928 3343 959 3392 et
974 3331 1072 3394 amnis

274 3435 385 3499 Rauca
399 3453 523 3512 sonans,
537 3443 728 3516 revocatque
743 3431 857 3516 pedem
872 3431 1041 3497 Tiberinus
1056 3434 1099 3497 ab
1114 3433 1192 3498 alto.
1256 3436 1308 3494 its

274 3541 316 3603 At
330 3559 391 3602 non
407 3535 521 3601 audaci
534 3537 630 3598 cessit
644 3535 760 3599 fiducia
775 3536 903 3615 Turno,

275 3642 365 3707 Ultro
381 3641 500 3706 animos
515 3639 593 3704 tollit
607 3639 709 3720 dictis,
724 3653 818 3725 atque
834 3641 975 3728 increpat
990 3641 1090 3707 ultro:

272 3749 428 3834 Trojanos
443 3744 511 3809 haec
527 3758 663 3809 monstra
678 3757 806 3830 petunt,
829 3743 878 3809 his
893 3747 1018 3832 Jupiter
1032 3747 1099 3831 ipse

273 3849 432 3918 Auxilium
446 3848 570 3914 solitum
586 3849 716 3934 eripuit:
740 3871 801 3912 non
816 3847 881 3914 tela
894 3871 953 3914 nec
969 3851 1056 3935 ignes

272 3953 465 4039 Exspectant
481 3949 624 4015 Rutulos.
669 3951 754 4038 Ergo
768 3950 866 4015 maria
881 3951 966 4016 invia
980 3953 1125 4031 Teucris,
1261 3955 1314 4015 130

271 4057 338 4120 Nec
353 4076 424 4143 spes
438 4052 503 4118 ulla
517 4055 614 4140 sugaez
636 4075 741 4118 rerum
756 4075 831 4139 pars
846 4055 947 4118 altera
962 4054 1110 4139 adempta
1125 4067 1198 4134 est3

272 4161 375 4225 Terra
390 4171 493 4224 autern
508 4161 540 4223 in
556 4157 668 4222 nostris
684 4159 845 4238 manibus,
868 4173 913 4222 tot
927 4158 1025 4223 millia
1038 4173 1149 4246 gentes
