2890 5002
640 441 758 504 amca
777 443 827 504 tv.

235 599 340 666 Nocte
352 598 492 677 domum,
508 596 638 682 sepibus
653 611 776 662 mansas
789 596 937 663 nnersbtt
951 597 1106 684 inemptis.

238 703 363 770 Primus
379 719 451 769 rare
467 723 580 779 remur,
596 717 687 788 atque
703 719 849 770 autumno
863 720 993 790 carpere
1007 727 1100 791 pume
1109 728 1123 788 3

239 807 283 874 Et
297 831 392 894 quum
408 810 500 874 tristis
515 809 614 874 hiems
629 811 796 874 etiamnum
812 808 925 896 frigere
941 825 1017 876 saxa
1211 813 1276 878 tas

238 911 424 1000 Rumpunt,
441 927 472 979 ct
483 915 583 1000 glacie
598 927 708 980 cursus
723 912 864 979 suammet
879 933 1038 1000 aquaram,

236 1019 293 1084 Ille
306 1041 429 1084 comam
445 1021 544 1085 meliis
554 1021 621 1108 jam
636 1021 785 1086 tondabet
799 1020 967 1103 hyacinthi,

238 1124 392 1190 AEstatem
408 1125 593 1209 increpitans
608 1139 721 1202 estam,
738 1125 954 1211 zephyrosque
970 1139 1134 1196 morantes.

240 1227 328 1314 Ergo
343 1229 451 1314 apibus
466 1228 546 1294 ioetis
561 1229 645 1294 idem
661 1243 754 1314 atque
769 1230 915 1294 examine
931 1230 1029 1296 multo

242 1333 365 1400 Primus
381 1335 549 1412 abundare,
565 1350 597 1400 et
611 1335 782 1420 spumantia
798 1355 912 1420 eogere
927 1336 1042 1420 pressis
1214 1339 1276 1402 140

242 1433 337 1502 Melie
354 1437 452 1503 savis:
474 1439 515 1502 illi
530 1439 611 1516 tilia,
627 1452 719 1524 atqua
736 1438 889 1504 uberrima
903 1439 1013 1524 pinus:

241 1544 389 1630 Quotque
406 1547 436 1609 in
452 1545 528 1610 ficte
544 1561 624 1610 novo
639 1548 740 1630 pomis
753 1567 788 1610 se
805 1544 913 1610 fertilis
927 1545 1020 1610 arboe

239 1649 396 1728 Induerat,
413 1651 540 1716 totidem
555 1665 702 1716 autumno
716 1667 837 1716 matura
851 1649 988 1714 tenebat.

235 1755 294 1820 llic
310 1757 404 1820 etiem
419 1777 504 1820 seras
519 1757 550 1820 in
565 1777 687 1822 versum
704 1756 819 1822 distulit
833 1757 944 1835 uimee,

237 1860 441 1947 Eduremque
457 1861 568 1946 pirum,
583 1877 616 1928 et
631 1863 735 1947 spinos
743 1861 810 1946 jam
826 1880 924 1945 pruna
940 1859 1084 1941 ferentes,
1213 1866 1274 1928 145

114 1983 118 2002 ¹
237 1967 373 2054 Jsrnque
388 1969 609 2034 ministrantem
625 1967 780 2053 platanum
797 1966 972 2050 potantibus
988 1967 1123 2032 umbras.

239 2072 358 2140 verum
374 2075 441 2140 hac
456 2075 522 2160 ipae
537 2073 694 2158 equidem,
707 2073 812 2157 spatiis
828 2072 973 2136 exclusus
988 2068 1109 2157 iniquis,

236 2181 407 2258 Preterec,
424 2193 516 2265 atqua
533 2180 599 2246 uiis
614 2193 683 2264 pust
697 2197 748 2244 me
763 2178 965 2244 memoranda
980 2167 1414 2340 relinun(

283 2287 377 2354 Nunc
393 2307 464 2370 age,
479 2301 603 2351 naturas
617 2287 725 2370 apibus
741 2307 817 2370 quaa
830 2285 951 2369 Jupiter
967 2286 1033 2369 ipse

237 2393 369 2459 addidit
384 2389 550 2475 expediam
565 2411 573 2453 t
597 2411 653 2474 prc
668 2387 731 2474 qui
745 2391 904 2468 mercede,
920 2411 1052 2456 cancros
1213 2393 1275 2455 i50

239 2495 391 2562 Curetum
403 2496 519 2560 sonitus
532 2494 775 2579 crepitantiaque
790 2513 850 2556 cra
865 2506 990 2570 secute,

238 2599 361 2666 Dictae
371 2599 441 2666 cerii
458 2620 562 2685 ragam
579 2596 693 2684 pavire
707 2597 766 2662 sub
782 2611 880 2662 sumo.

239 2706 324 2772 sote
339 2725 519 2770 communes
533 2719 631 2782 natos,
646 2703 798 2768 consortis
814 2716 896 2768 tecte

235 2807 334 2876 Urbis
349 2811 472 2888 habent,
488 2810 669 2895 magnisque
685 2809 799 2893 agitem
810 2809 866 2872 sub
882 2807 1001 2893 legibus
1015 2827 1131 2890 cvump

235 2915 284 2986 Et
300 2919 427 3003 patriam
443 2917 526 2994 scia,
542 2930 573 2980 et
587 2928 690 2980 certos
704 2913 818 2980 aurire
835 2929 987 3000 penates:
1212 2916 1277 2978 ret

234 3016 446 3108 Venmraqna
458 3022 568 3086 hiemis
582 3041 747 3096 memores,
763 3033 866 3084 astate
882 3017 1020 3086 laborem

234 3127 461 3214 Experiuntnr,
477 3129 553 3225 etia
569 3127 848 3225 mediuquuaesita
862 3139 1024 3212 reponunt.

232 3236 386 3321 Namque
402 3235 466 3300 alia
484 3235 564 3300 victu
579 3234 745 3317 invigilant,
761 3245 793 3296 et
808 3230 926 3296 ioedera
943 3244 1035 3318 pactu

229 3341 439 3408 Exercentur
455 3339 558 3424 aqriss
581 3359 652 3424 pura
667 3339 744 3402 intra
759 3355 846 3423 septa
863 3336 1025 3400 domorum

229 3447 378 3518 Narcissi
394 3447 575 3532 lacrymam,
591 3461 623 3510 et
637 3445 752 3510 lentum
769 3447 809 3510 dc
825 3445 939 3508 cortice
960 3444 1075 3528 gluten,
1212 3444 1274 3513 160

227 3553 346 3622 Prima
361 3550 437 3616 savis
453 3565 568 3638 ponunt
583 3549 784 3629 fundamina3
807 3550 920 3614 deinde
935 3563 1061 3616 tenaces

226 3657 438 3746 Suspendunt
453 3677 565 3722 caras:
587 3657 664 3734 alia,
679 3677 767 3740 spem
783 3654 893 3740 gentis,
908 3653 1029 3720 adultos

227 3763 388 3830 Educuut
403 3761 518 3829 toetus:
540 3757 605 3828 alia
621 3761 782 3848 purissima
797 3759 888 3824 mella

223 3873 371 3958 Stipant,
388 3887 420 3934 et
434 3869 551 3955 liquido
562 3867 739 3959 distantium
753 3879 878 3930 nectare
894 3862 1000 3928 cellas.

224 3976 317 4042 Sunt
333 3974 443 4059 quibus
455 3973 494 4038 ad
511 3987 613 4060 portas
628 3972 742 4038 cecidit
757 3969 896 4035 custodia
911 3969 1005 4034 sorti:
1210 3970 1271 4039 165

221 4082 335 4166 Inque
351 4080 453 4143 vicem
469 4079 665 4164 speculantur
681 4096 775 4160 aquas
792 4087 824 4138 et
842 4073 946 4138 nubila
961 4073 1052 4156 coeli3

217 4191 300 4257 Aut
316 4205 412 4251 ouem
427 4185 582 4274 accipiunt
597 4181 797 4264 venientitm3
820 4196 882 4262 aut,
899 4182 1019 4268 agmina
1035 4179 1128 4268 sacto²
