2648 5288
502 877 618 951 amsa
637 878 700 939 ΧΗ.
1047 868 1134 943 ‘ars

97 1036 170 1122 Quo
183 1056 237 1102 res
251 1054 386 1121 eumque
399 1032 535 1115 cadent,
557 1056 616 1099 nec
630 1056 681 1099 mo
695 1036 744 1099 vis
758 1031 823 1100 ulla
836 1033 993 1101 volentem

98 1143 250 1220 Avertet3
271 1135 850 1219 nomsitelluremeffundatinundaa
1234 1220 1237 1225 Ι

96 1242 230 1311 Diluvio
244 1243 387 1324 marens,
400 1242 578 1329 coelumque
592 1245 624 1308 in
638 1243 772 1309 Tartara
783 1241 901 1311 solvat:
1073 1248 1135 1313 905

99 1345 144 1412 Ut
158 1360 317 1433 sceptrum
331 1346 392 1413 hoc
406 1347 536 1432 (dextra
550 1360 707 1434 sceptrum
722 1366 794 1413 nam
805 1347 886 1412 forta
899 1342 1052 1434 gerebat)

99 1449 269 1536 Nunquam
282 1450 394 1517 fronde
408 1451 470 1516 levi
485 1450 594 1517 fundet
608 1448 742 1537 virgulta
756 1470 859 1534 neque
873 1449 1011 1531 umbras,

99 1552 205 1636 Quum
220 1554 317 1621 semel
331 1558 364 1619 in
377 1555 465 1619 silvis
480 1556 541 1620 imo
554 1555 596 1619 de
610 1555 707 1641 stirpe
722 1557 857 1620 recisum

101 1656 209 1722 Matre
222 1670 321 1739 caret,
334 1659 499 1744 posuitque
513 1680 620 1724 comas
635 1673 666 1724 et
683 1658 814 1725 brachia
829 1659 933 1740 lerr03

100 1759 188 1827 Olim
203 1762 310 1844 arbos,
322 1784 404 1829 nunc
419 1762 546 1828 artificis
561 1784 669 1828 manus
683 1784 746 1827 aere
761 1762 878 1828 decoro
1078 1769 1140 1829 910

104 1864 243 1945 inclusit,
256 1866 461 1953 patribusque
475 1866 564 1933 dedit
576 1881 699 1954 gestare.
713 1868 847 1932 Latinis.

119 2014 127 2035 .
146 1968 280 2034 Talibus
295 1971 376 2036 iuter
387 1993 422 2036 se
438 1971 604 2037 firmabant
618 1971 738 2036 loedera
752 1970 853 2051 dictis,

105 2071 284 2159 Conspectu
300 2075 330 2140 in
344 2074 449 2141 medio
463 2096 639 2162 procerum.
683 2074 764 2140 Tum
779 2075 839 2139 rito
854 2082 994 2139 sacratas

106 2174 142 2240 ln
156 2174 311 2243 tammam
322 2178 465 2265 jugulant
478 2177 627 2265 pecudes,
640 2192 673 2242 et
686 2182 810 2245 viscera
827 2178 907 2243 vivis

106 2276 261 2366 Eripiunt,
274 2281 493 2368 cumulantque
507 2286 645 2348 oneratis
659 2283 801 2348 lancibus
816 2280 908 2348 aras)
1080 2288 1142 2348 ata

148 2384 192 2449 At
206 2382 283 2448 verri
298 2383 421 2450 Rutulis
436 2389 539 2473 impar
554 2408 591 2452 ea
606 2408 709 2474 pugna
724 2386 826 2453 rideri

109 2485 180 2551 Jam
194 2484 323 2567 dudum,
337 2505 369 2553 et
383 2489 472 2554 vario
486 2493 611 2554 misceri
626 2504 755 2576 pectora
769 2504 872 2557 motu:

109 2586 190 2653 Tum
203 2591 313 2674 magis,
327 2603 360 2654 ut
373 2588 502 2677 propiis
515 2606 655 2674 cernunt,
669 2616 731 2659 non
745 2594 865 2659 viribus
879 2595 987 2680 aequis.

110 2690 247 2781 adjuvat
260 2695 384 2759 incessu
398 2700 494 2761 tacito
507 2716 699 2781 progressus,
713 2711 745 2761 et
759 2717 845 2763 ararn

112 2795 301 2883 Suppliciter
316 2820 469 2863 venerans
483 2797 619 2863 demisso
634 2799 748 2864 lumine
763 2800 898 2879 Turnus,
1083 2805 1145 2863 990

114 2895 334 2985 Tabentesque
347 2922 445 2987 genae,
460 2914 490 2964 et
501 2900 642 2988 juvenali
657 2901 687 2965 in
701 2922 835 2986 corpore
849 2900 960 2988 pallor.

114 2998 213 3082 Quem
227 3001 319 3067 simul
334 3025 372 3068 ac
385 3005 518 3069 Juturna
534 3026 622 3068 soror
635 3003 840 3068 crebrescere
857 3002 934 3067 vidit

115 3104 302 3186 Sermonem,
317 3121 347 3172 et
361 3105 445 3194 vulgi
458 3112 584 3173 variare
599 3107 739 3172 labantia
753 3106 862 3187 corda,

116 3205 148 3273 lo
163 3208 284 3273 medias
299 3213 393 3292 acies,
407 3212 539 3275 formam
554 3210 741 3276 adsimulata
755 3210 905 3305 Camerti,

117 3309 174 3377 Cui
187 3334 287 3400 genus
301 3335 321 3377 a
334 3318 461 3400 proavis
477 3316 593 3402 ingens,
608 3313 789 3399 clarumque
804 3324 941 3400 paternae
1087 3319 1148 3378 995

117 3411 237 3480 Nomen
251 3430 320 3481 erat
334 3419 466 3497 virtutis,
481 3432 511 3482 et
525 3421 593 3503 ipse
607 3420 778 3482 acerrimus
790 3416 894 3497 armis,

118 3515 150 3581 ln
163 3517 286 3583 medias
300 3518 356 3584 dat
369 3540 439 3583 sese
454 3521 548 3600 acies,
563 3519 648 3584 haud
662 3521 769 3584 nescia
784 3540 898 3601 rerum,

119 3615 336 3708 Rumoresque
349 3626 426 3688 serit
440 3623 554 3704 varios,
568 3643 605 3689 ac
621 3621 696 3688 talia
710 3622 810 3687 sature

118 3718 187 3788 Non
202 3723 310 3810 pudet,
324 3748 344 3791 o
359 3725 477 3807 Rutuli,
491 3747 550 3812 pro
563 3728 684 3790 cunctis
699 3723 813 3790 talibus
829 3744 922 3788 unam

118 3824 291 3914 objectare
305 3833 463 3895 animam?
484 3826 839 3894 numeroneanviribus
854 3830 934 3912 equi
1091 3836 1155 3894 930

118 3926 189 3996 Non
203 3939 332 3998 sumus?
353 3933 402 3999 En
416 3955 523 4000 omnes
538 3946 570 4000 et
583 3935 686 4001 Trois
701 3924 889 3996 ot'Arcades
904 3929 937 3994 hi
952 3945 1032 4014 sunt,

118 4028 299 4122 Fatalisque
313 4058 432 4119 manus,
447 4038 565 4102 infensa
582 4037 708 4101 Etruria
722 4033 847 4099 Turno:

118 4134 187 4203 vix
201 4136 333 4220 hostem,
346 4139 457 4207 alterni
471 4141 499 4205 si
512 4138 760 4227 congrediamur,
775 4135 938 4202 habemus.

118 4239 179 4309 llle
192 4243 320 4330 quidem
333 4245 375 4311 ad
390 4248 536 4333 Superos,
550 4264 681 4330 quorum
695 4264 729 4307 se
744 4241 879 4306 devovet
893 4242 965 4323 aris,
1086 4288 1094 4303 .

122 4347 692 4435 Succedetiamwivusqueperora
708 4345 844 4412 seretur:
1095 4350 1157 4409 986

123 4446 201 4532 tter,
213 4451 317 4539 patria
331 4451 456 4534 ammei,
469 4450 601 4521 dominis
615 4472 730 4537 parere
744 4447 888 4535 superbis

125 4550 292 4642 cogemur,
305 4559 361 4644 qui
375 4576 457 4623 nuuc
472 4554 548 4623 lenti
561 4552 758 4623 consedimus
773 4552 868 4623 arvis.
