2928 5002
200 388 238 444 56

595 386 885 449 mausoleorum

287 532 385 619 Nigra
399 531 476 612 feri,
493 548 524 598 et
538 555 645 630 presso
662 535 781 621 pinguis
791 537 849 600 sub
864 556 990 602 vomere
1005 551 1098 618 terre,

245 635 288 702 Et
302 639 353 702 cui
368 652 456 722 putre
473 639 569 702 solum
584 637 731 724 (namquo
747 641 807 706 boc
822 641 974 705 imitamur
990 641 1132 731 arendo),

244 739 371 826 Optima
386 741 566 821 frumentis3
589 764 649 808 uon
665 743 726 808 ullo
742 766 783 808 ex
799 763 920 829 equore
936 766 1045 811 cernes
1112 819 1113 822 Ἴ
1208 751 1276 811 205

244 845 338 912 Plura
355 848 480 913 domurn
496 849 590 914 tardis
604 849 761 914 decedere
777 852 911 934 plaustra
921 849 1085 935 juvencis:
1159 863 1162 873 “

243 951 307 1016 Aut
322 955 404 1018 unde
418 955 511 1018 iratus
527 954 633 1018 silvam
649 956 775 1020 devexit
790 971 899 1032 arator,

244 1055 288 1121 Et
302 1081 427 1125 nemora
443 1061 551 1126 evortit
566 1061 676 1126 multos
691 1063 798 1146 ignava
814 1083 869 1146 per
885 1083 991 1141 annos,

243 1163 579 1248 Antiquusque'domos
594 1164 695 1228 avium
711 1185 782 1228 cum
799 1165 940 1247 stirpibus
955 1167 1024 1228 imis

243 1267 352 1334 Eruit:
376 1269 432 1334 illae
446 1269 539 1333 altum
556 1269 634 1332 nidis
648 1268 766 1352 petiere
782 1270 895 1332 relictis
908 1291 918 1348 3
1207 1273 1273 1337 210

242 1376 286 1438 At
300 1376 383 1439 rudis
398 1372 504 1437 enituit
519 1373 649 1457 impulso
664 1393 788 1436 vomere
804 1393 943 1459 campus.

243 1477 326 1542 Nam
336 1477 442 1562 jejuna
458 1477 583 1560 quidem
598 1476 703 1540 clivosi
719 1475 821 1560 glarea
836 1478 914 1541 ruris

240 1580 304 1645 Vix
319 1580 449 1644 humiles
465 1580 572 1664 apibus
587 1581 686 1644 casias
701 1601 864 1666 roremque
880 1582 1029 1648 ministrat
1038 1605 1049 1663 ;

243 1684 286 1750 Et
300 1687 412 1770 tophus
427 1687 547 1763 scaber,
565 1699 596 1748 et
611 1685 703 1769 nigris
718 1706 815 1750 exesa
830 1687 985 1770 chelydris

243 1789 350 1868 Creta,
366 1803 478 1873 negant
493 1791 568 1853 alios
580 1788 665 1874 arque
682 1790 872 1873 serpentibus
884 1813 974 1876 egros
1203 1793 1269 1854 21⁶

240 1893 375 1962 Dulcem
392 1893 471 1957 serre
487 1894 601 1971 cibum,
618 1909 648 1956 et
663 1913 771 1958 curvas
786 1895 922 1978 prebere
938 1895 1079 1960 latebras.

286 1999 365 2076 Quae
376 2014 500 2063 tenuem
517 1999 640 2062 exhalet
654 1999 796 2062 nebulam
812 1997 973 2084 fumosque
988 2001 1140 2079 volucres,

243 2102 286 2169 Et
296 2105 371 2168 bibit
386 2105 557 2182 humorem,
574 2117 605 2166 et
621 2123 714 2188 quom
729 2104 793 2167 vult
808 2127 849 2169 ex
863 2125 898 2168 se
914 2105 979 2188 ipsa
995 2106 1140 2185 remittit3

242 2209 382 2294 Quoque
398 2232 453 2274 suo
468 2209 555 2273 viridi
572 2229 694 2294 semper
709 2231 743 2274 se
755 2211 891 2294 gramine
906 2211 1006 2287 vestit,

241 2315 312 2380 Nec
328 2315 430 2382 scabie
446 2328 478 2378 et
493 2313 573 2379 salsi
587 2314 667 2378 ladit
681 2315 818 2408 rubigine
834 2314 971 2393 serrum3
1203 2316 1272 2378 220

241 2421 297 2486 llla
312 2421 365 2485 ribi
380 2421 454 2485 lctis
469 2422 585 2486 intexet
600 2420 710 2484 vitibus
725 2419 846 2499 ulmos;

242 2527 298 2592 Illa
313 2525 400 2592 ferax
415 2527 485 2590 oleo
502 2541 570 2607 est3
592 2525 676 2590 illam
685 2523 851 2610 experiere
867 2525 998 2589 colendo

118 2677 122 2691 ·
243 2634 286 2699 Et
301 2633 423 2699 facilem
439 2634 556 2719 pecori,
572 2645 604 2695 et
619 2634 784 2717 patientem
799 2632 932 2694 vomeris
947 2631 1017 2695 unci
1033 2652 1041 2691 ε

242 2739 355 2804 Talem
367 2740 452 2804 dives
468 2756 533 2803 arat
548 2737 668 2822 Capua,
686 2753 716 2802 et
731 2738 830 2802 vicina
840 2737 965 2800 Vesevo

243 2847 307 2911 Ora
318 2845 406 2930 jugo,
422 2857 454 2905 et
467 2844 572 2905 vacuis
588 2839 716 2903 Clanius
731 2861 790 2904 non
807 2859 909 2925 aequus
924 2839 1060 2905 Acerris.
1203 2843 1267 2906 225

287 2949 390 3025 Nunc,
406 2967 467 3030 quo
482 2963 636 3029 quemque
652 2945 743 3036 modo
755 2947 852 3028 possis
868 2967 1065 3031 cognoscere,
1082 2945 1195 3012 dicam.

243 3057 329 3122 Rara
344 3054 392 3130 sit,
409 3074 446 3116 an
463 3070 552 3134 supra
565 3069 683 3115 morem
700 3051 725 3115 si
742 3051 849 3128 densa,
864 3053 1001 3136 requires
1010 3074 1021 3134 ;

243 3161 349 3228 Altera
364 3156 521 3221 frumentis
537 3155 678 3240 quonium
694 3153 785 3233 levet,
802 3157 896 3221 altera
912 3155 1040 3220 Baccho
1053 3179 1063 3238 3

243 3267 350 3330 Densa
362 3257 458 3346 magis
474 3259 595 3339 Cereri,
607 3261 757 3325 rarissime
774 3281 900 3346 qumque
917 3261 1035 3345 Lyaeo;

243 3369 324 3437 Autb
340 3369 442 3433 locum
457 3367 562 3451 capies
576 3364 683 3444 oculis,
700 3365 821 3450 altique
832 3363 955 3453 jubebis
1088 3381 1092 3392 ’
1202 3369 1269 3432 280

243 3477 278 3542 Iu
295 3475 391 3540 solido
406 3487 532 3558 puteum
549 3471 678 3547 demitti,
694 3491 878 3556 omnemque
893 3489 1025 3555 repones

243 3583 364 3649 Rursus
378 3581 516 3655 humum,
532 3577 707 3663 etpedibus
723 3599 857 3642 summas
870 3579 1001 3662 aequabis
1016 3597 1135 3643 arenas.

245 3691 280 3756 Si
296 3689 436 3763 deerunt,
446 3705 558 3763 rarum,
573 3681 740 3768 pecorique
750 3695 781 3745 et
796 3682 904 3746 vitibus
921 3683 1007 3747 almis

243 3795 366 3881 Aptius,
381 3791 456 3854 uber
472 3791 548 3854 erit:
573 3788 618 3853 sin
633 3789 663 3852 in
680 3809 733 3851 sua
749 3806 839 3872 posse
854 3787 1008 3873 negabunt

244 3903 293 3968 lte
309 3899 389 3974 loce,
406 3910 436 3959 et
448 3895 604 3960 scrobibus
620 3893 772 3978 superabit
786 3907 867 3956 terra
883 3893 1017 3977 repletis,
1203 3891 1270 3954 285

247 4008 369 4093 spissus
385 4022 480 4087 ager:
503 4002 607 4086 glebas
622 4011 800 4064 cunctantes
815 4005 978 4082 crassaque
995 4012 1080 4083 terga

245 4111 414 4196 Exspecta,
431 4121 461 4170 et
476 4107 583 4172 validis
598 4119 710 4169 terram
726 4103 887 4190 proscinde
899 4103 1051 4188 juvencis.
