2890 5002
220 377 276 433 tta
658 375 846 434 AENElDOS

259 523 377 604 Corda,
391 523 516 590 volente
531 525 612 590 deo:
635 528 666 589 in
681 529 791 611 primis
806 531 916 613 regina
931 529 1070 611 quietum

258 629 384 714 Accipit
399 629 431 690 in
445 627 586 692 Teucros
602 629 949 714 animummentemque
966 629 1147 714 benignam.

301 733 342 794 At
355 735 426 816 pius
442 729 565 809 AEueas,
579 751 636 815 per
651 744 772 794 noctem
787 731 923 816 plurima
939 730 1078 811 volvenS,
1231 741 1297 796 305

260 831 304 897 Ut
317 831 451 918 prinnim
466 832 521 897 lux
536 833 619 898 alma
633 833 708 898 data
723 847 780 914 est,
795 836 893 914 exire,
908 832 1057 918 locosque
1206 845 1208 849 ’

259 938 435 1024 Explorare
450 960 558 1020 novos,
573 959 651 1022 quas
666 951 758 1002 vento
774 943 943 1003 accesserit
957 961 1041 1019 oras,

258 1041 320 1123 Qui
336 1054 468 1120 teneant,
483 1061 555 1104 nam
570 1039 687 1106 inculta
702 1041 798 1121 videt,
814 1040 1005 1123 hominesne,
1021 1043 1142 1121 seraone,

258 1143 405 1226 Quaerere
419 1149 587 1225 constituit,
601 1149 758 1229 sociisque
773 1159 887 1209 exacta
901 1148 1063 1250 referre-:J

257 1247 400 1313 Classem
414 1253 446 1314 in
461 1269 603 1313 convexo
617 1269 788 1328 nemorum,
803 1249 861 1312 sub
875 1271 953 1334 rupe
968 1251 1090 1328 cavatis,
1227 1258 1291 1314 310

255 1352 432 1416 Arboribus
446 1350 585 1415 clausam
600 1347 719 1414 circirm
734 1364 827 1436 atque
843 1350 1041 1418 horrentibus
1056 1354 1184 1434 umbris,

255 1451 398 1515 Occulit:
420 1455 487 1536 ipse
503 1472 563 1516 uno
578 1450 719 1537 graditur
733 1455 897 1518 comitatus
912 1451 1059 1534 Achates

257 1553 339 1618 Bina
352 1575 446 1618 manu
460 1553 523 1620 lato
538 1557 680 1639 crispans
695 1554 822 1619 hastilia
836 1553 947 1648 ferro)

256 1661 317 1725 Cui
333 1675 432 1725 mater
446 1661 549 1728 medii
564 1682 633 1726 sese
648 1660 717 1724 tulit
731 1662 826 1726 obvia
840 1661 929 1743 silvi,

256 1764 397 1850 Virginis
412 1785 447 1827 os
462 1762 665 1846 habitumque
678 1783 800 1848 gerens,
816 1777 846 1826 et
860 1767 991 1850 virginis
1007 1787 1096 1830 arma
1226 1773 1290 1830 315

254 1868 433 1952 Spartanae3
452 1864 503 1930 vel
518 1863 619 1949 qualis
634 1885 731 1948 equos
746 1865 898 1930 Threissa
912 1867 1022 1952 fatigat

255 1968 456 2054 Harpalyce,
470 1965 691 2050 volucremque
707 1966 779 2052 fugai
791 1973 989 2051 praevertitur
1004 1971 1132 2034 Eurum.

254 2069 399 2156 Namque
414 2070 551 2135 humeris
566 2069 607 2133 de
622 2091 708 2132 more
724 2068 863 2134 habilem
878 2071 1084 2156 suspenderat
1100 2093 1208 2138 arcum

253 2174 420 2253 venatrix,
435 2170 630 2254 dederatque
644 2192 767 2236 comam
782 2169 958 2236 diffundere
973 2179 1094 2254 ventis;

251 2275 346 2342 Nuda
360 2297 450 2362 genu,
464 2273 609 2358 nodoque
623 2275 709 2338 sinus
723 2271 857 2338 collecta
872 2273 1014 2340 fluentes.
1223 2287 1289 2343 320

251 2380 299 2443 Ac
314 2380 417 2464 prior:
441 2375 542 2455 Heus,
556 2378 666 2460 inquit,
676 2376 819 2461 juvenes,
833 2389 1002 2440 monstrate
1017 2399 1158 2446 mearum

250 2479 385 2544 Vidistis
400 2480 427 2543 si
441 2499 535 2564 quam
550 2476 603 2541 hic
619 2491 775 2542 errantem
790 2477 870 2542 forte
886 2499 1039 2563 sororum,

250 2583 448 2650 Succinctam
461 2580 612 2667 pharetra
627 2595 658 2644 et
672 2579 835 2658 maculoso
851 2585 986 2674 tegmine
1002 2583 1114 2669 lyncis,

251 2687 313 2752 Aut
327 2686 498 2770 spumantis
514 2686 583 2769 apri
598 2705 723 2748 cursum
738 2675 1096 2770 clamore‘prementem.

250 2791 303 2855 Sic
318 2789 427 2856 Venus
439 2813 448 2866 3
469 2799 501 2849 et
515 2787 652 2852 Veneris
667 2787 777 2850 contra
791 2791 836 2850 sic
853 2785 934 2852 filius
948 2811 1056 2853 orsus:
1219 2800 1284 2858 335

139 2881 145 2921 ³
247 2891 344 2958 Nulla
358 2903 480 2954 tuarum
496 2887 603 2950 audita
618 2886 694 2950 mihi
710 2908 812 2972 neque
827 2892 896 2952 visa
907 2911 1061 2972 sororum,

248 2994 289 3073 O,
304 3012 399 3077 quam
413 3003 444 3053 te
459 2991 649 3052 memorem?
670 2990 777 3074 virgo;
799 3010 934 3076 namque
949 2991 1034 3058 haud
1050 2995 1107 3060 tibi
1121 2995 1226 3062 vultus

249 3092 405 3174 Mortalis,
418 3111 477 3157 nec
492 3111 556 3154 vox
571 3088 730 3154 homiuem
744 3105 851 3172 sonat;
873 3117 892 3159 o
907 3094 969 3158 dea
983 3098 1089 3177 certd;

248 3200 299 3264 An
314 3196 427 3263 Phoebi
442 3215 540 3274 soror,
555 3215 596 3258 an
611 3193 832 3279 Nympharum
847 3201 1005 3282 sanguinis
1019 3207 1103 3266 unat

249 3301 299 3370 Sis
314 3300 400 3382 felix,
414 3313 614 3382 nostrumque
630 3296 725 3377 leves,
740 3318 951 3386 quecumque,
967 3299 1129 3383 laborem3
1216 3315 1284 3372 330

249 3409 291 3473 Et
305 3427 366 3492 quo
380 3402 438 3467 sub
452 3399 534 3466 coelo
549 3399 684 3480 tandem,
700 3401 812 3484 quibus
827 3403 913 3466 orbis
928 3407 960 3468 in
975 3408 1039 3470 oris

248 3512 419 3586 Jactemur,
433 3505 569 3570 doceas:
592 3506 693 3590 ignari
708 3503 928 3590 hominumque
944 3506 1146 3596 locorumque

248 3615 408 3690 Erramus,
422 3621 515 3672 vento
530 3606 591 3670 huc
606 3620 637 3670 et
652 3608 747 3670 vastis
762 3606 906 3671 fluctibus
921 3613 997 3673 acti.

251 3716 352 3783 Multa
366 3714 425 3778 tibi
440 3724 510 3776 ante
526 3731 598 3775 aras
612 3710 717 3774 nostrii
731 3710 825 3775 cadet
840 3709 942 3776 hostia
956 3712 1080 3780 dextra.

291 3821 373 3884 Tum
387 3817 515 3882 Venus:
531 3813 629 3878 Haud
644 3812 790 3899 equidem
804 3812 860 3878 tali
876 3837 925 3880 me
941 3816 1053 3904 dignor
1069 3821 1205 3890 honore:

249 3919 435 4010 Virginibus
450 3919 560 4003 Tyriis
573 3938 640 3982 mos
655 3929 703 3980 est
715 3929 839 4002 gestare
852 3917 1044 4004 pharetram,
1216 3931 1277 4015 330

251 4031 473 4114 Purpureoque
488 4020 550 4086 alti
564 4041 653 4088 suras
667 4023 789 4096 vincire
803 4020 968 4090 cothurno.
