2772 4998
194 457 260 516 000
650 449 842 517 nmmos

243 611 309 700 Sed
322 611 464 679 celerare
478 610 584 700 iirgam
598 615 632 678 in
646 612 751 693 silens,
766 625 798 678 et
813 611 911 678 fidere
926 615 1023 677 noeti.

243 716 407 803 Objiciunt
423 717 542 800 equites
558 735 627 780 sese
644 715 685 780 ad
700 715 837 780 divortia
852 727 925 780 nota

249 819 337 887 Hinc
350 834 444 905 atque
456 819 538 901 binc,
549 841 736 904 omnemque
747 801 864 884 ebitum
874 817 1007 884 custode
1017 829 1176 882 coronant.
1229 825 1291 884 880

251 921 339 989 Silva
353 924 410 990 tuit
428 924 490 989 lot&
506 923 607 994 dumis
622 937 716 1007 utque
731 923 803 988 ilice
818 923 906 1010 nigri

248 1029 404 1112 Horrida,
419 1049 512 1116 quem
528 1030 617 1095 densi
632 1029 828 1115 compldrant
843 1029 981 1112 undique
1000 1044 1117 1110 sentes3

251 1133 338 1200 Rara
352 1157 410 1221 per
425 1134 564 1199 oc'cultos
580 1133 705 1198 lucebat
720 1136 830 1197 semita
844 1131 950 1196 calles.

252 1237 428 1325 Euryalum
444 1239 581 1303 tenebroe
597 1257 754 1301 ramorum
768 1255 964 1319 onerosaque
979 1235 1086 1322 proeda

252 1343 449 1431 Impediunt3
471 1343 614 1428 fallitque
629 1348 722 1408 timor
736 1344 862 1430 regione
877 1344 1008 1408 viarum.
1233 1349 1294 1406 885

251 1445 345 1513 Nisus
361 1449 445 1513 abit:
464 1449 594 1535 jamque
608 1443 789 1533 imprudens
805 1459 951 1512 evaserat
967 1446 1080 1526 hostes,

251 1550 303 1617 Ad
318 1551 405 1616 lucos
420 1555 475 1635 qui
490 1549 570 1638 pdst,
583 1549 673 1615 Albe
688 1549 729 1614 de
745 1554 879 1630 nomine,
893 1549 972 1614 dicti

250 1653 391 1735 Albani,
412 1667 476 1718 tum
492 1677 549 1718 rex
565 1653 689 1718 stabula
705 1653 768 1719 alta
784 1653 916 1718 Latinus
932 1653 1082 1718 babebat.

253 1753 297 1820 Ut
312 1759 407 1836 stetit,
423 1769 454 1821 et
468 1756 583 1822 frustra
599 1757 760 1822 absentem
775 1759 918 1841 respexit·
930 1759 1080 1820 amicumt

251 1857 402 1945 Euryale,
416 1859 526 1923 infelix
542 1858 604 1942 qud
619 1869 649 1924 te
665 1855 792 1945 regione
808 1857 943 1942 reliquii
1234 1863 1300 1920 880

251 1962 362 2046 Quive
374 1967 508 2047 sequar?
532 1963 653 2026 Rursus
664 1961 850 2048 perplexum
862 1967 924 2027 iter
934 1985 1025 2028 omne
1030 1959 1213 2082 gevolvens)

253 2065 388 2131 Fallacis
403 2067 500 2145 silvae,
515 2065 605 2129 simul
622 2081 653 2130 et
668 2068 799 2152 vestigia
813 2079 900 2130 retro

251 2169 430 2236 Observata
446 2170 530 2257 legit,
545 2169 708 2254 dumisque
724 2169 885 2234 silentibus
901 2182 997 2236 errat.

252 2272 349 2339 Audit
364 2295 471 2358 equos,
487 2269 573 2338 audit
588 2275 734 2358 strepitus
750 2287 780 2336 et
795 2273 883 2358 signa
898 2273 1092 2356 sequenttim.

253 2377 321 2442 Nec
337 2377 462 2465 longum
477 2377 507 2441 in
523 2375 627 2440 medio
642 2390 773 2462 tempus,
789 2395 883 2460 quum
898 2375 1074 2440 clamored
1090 2395 1181 2439 aures
1234 2381 1301 2439 395

254 2481 411 2559 Pervenit,
425 2503 462 2545 ac
478 2480 563 2545 videt
579 2480 764 2567 Euryalum,
779 2501 871 2563 quem
882 2480 953 2566 jam⁴
965 2501 1073 2543 manus
1086 2479 1197 2556 omnis,

252 2569 381 2650 Frende
397 2581 458 2647 loci
474 2595 505 2647 et
520 2583 628 2663 noetis,
643 2583 745 2646 subito
760 2581 906 2646 turbante
922 2581 1063 2662 tumultu,

253 2684 447 2772 Oppressum
462 2687 546 2770 rapit
561 2697 592 2749 et
607 2697 771 2748 conantem
787 2684 921 2770 plurima
935 2684 1060 2748 frustra.

255 2787 339 2870 Quid
356 2788 471 2853 saciati
494 2789 555 2871 qud
571 2791 602 2851 vi
613 2789 771 2875 juvenem,
787 2790 902 2872 quibus
916 2788 1030 2853 audeat
1045 2792 1140 2852 armis

254 2890 407 2976 Eripere?
428 2911 468 2954 en
484 2911 552 2953 sese
568 2890 688 2955 medios
704 2892 869 2955 moriturus
884 2893 915 2956 in
930 2913 1021 2956 enses
1236 2900 1304 2960 400

256 2991 383 3070 inierat,
398 3003 429 3054 et
443 2990 608 3076 pulchram
623 3007 772 3079 properet
786 3015 845 3080 per
859 2993 989 3058 vulnera
1004 2999 1157 3059 mortem?

255 3095 353 3161 Ociits
368 3094 506 3160 adducto
520 3108 669 3180 torquens
684 3098 797 3164 hastile
812 3099 941 3180 lacerto,

257 3201 437 3286 Suspiciens
452 3201 547 3264 altam
563 3200 676 3281 lunam,
690 3205 737 3267 sic
752 3225 831 3267 voce
846 3217 1011 3289 precatur:

256 3301 316 3382 Tu,
331 3301 403 3382 dea,
419 3316 451 3367 tu
465 3323 604 3388 praesens
619 3317 725 3369 nostro
740 3327 889 3370 succurre
904 3307 1018 3386 labori,

213 3453 216 3462 ·
255 3407 418 3475 Astronrm
432 3406 539 3487 decue,
554 3422 586 3471 et
600 3430 759 3473 nemorum
775 3411 910 3476 Latonia
925 3425 1040 3476 custos.
1240 3419 1307 3477 405

258 3509 291 3572 Si
308 3527 371 3591 qua
386 3511 446 3572 tuis
461 3529 598 3592 unquam
613 3531 671 3596 pro
687 3533 735 3574 me
749 3527 841 3597 pater
857 3509 1023 3600 Hyrtacus
1038 3515 1103 3580 aris

257 3613 353 3678 Dona
368 3613 457 3694 tulit3
479 3615 505 3678 si
519 3633 581 3698 que
596 3619 664 3700 ipse
678 3619 755 3680 meis
772 3619 935 3682 venatibus
943 3617 1031 3709 suxi,

259 3718 455 3804 Suspendive
472 3718 567 3799 tholo,
583 3733 744 3786 eutsacra
758 3723 799 3786 ed
815 3723 938 3808 fastigia
954 3723 1027 3802 lini3

225 3811 228 3818 ⁴
260 3823 358 3887 Hunc
374 3821 440 3886 sine
455 3845 505 3886 me
520 3823 649 3888 turbare
663 3823 800 3910 globum,
815 3839 845 3890 et
860 3846 934 3912 rege
949 3825 1013 3889 telo
1026 3845 1085 3910 per
1098 3843 1210 3890 aures.

257 3923 412 4006 Dixerat3
434 3939 464 3989 et
480 3939 543 3991 toto
557 3931 711 3992 connixus
725 3949 859 4014 corpore
875 3930 992 3993 serrum
1243 3936 1313 3996 410

258 4027 415 4115 Conjicit:
440 4029 530 4094 basta
545 4031 654 4095 volans
668 4035 769 4095 noctis
782 4031 967 4096 diverberet
981 4033 1119 4114 umbras,

259 4131 299 4196 Et
313 4136 399 4196 venit
414 4137 517 4198 aversi
533 4137 565 4199 in
579 4147 698 4220 tergum
716 4135 879 4217 Sulmonis,
894 4137 1002 4220 ibique
1079 4175 1084 4182 ·
