2756 5010
607 405 791 472 1111111.
926 365 928 370 ’

193 562 318 644 Silvius,
334 561 493 628 Albanum
508 584 631 645 nomen,
644 577 698 630 tua
711 579 854 652 posmm
867 567 973 654 proles
982 593 993 648 ;-

191 669 293 750 Quem
308 666 365 732 tibi
381 667 523 754 longoevo
536 687 641 732 serum
654 667 790 734 Lavinia
804 671 919 757 conjux

163 769 315 836 ‘Educet
329 769 414 834 silvis
429 790 545 856 regem,
559 791 730 856 regumque
744 787 925 856 parentem
1172 777 1233 836 765

194 871 286 938 Unde
300 893 398 960 genus
411 871 504 959 longit
518 885 657 938 nostnrm
671 872 884 942 dominabitur
897 875 993 941 Alba

192 975 357 1042 Proximus
371 975 424 1042 ille
440 977 568 1056 Procas,
583 976 732 1062 Trojanae
746 976 846 1064 gloria
861 981 981 1066 gentis3

189 1081 232 1145 Et
246 1079 377 1168 Capys3
393 1094 424 1146 et
439 1081 600 1160 Numitor3
623 1095 663 1162 et,
679 1083 732 1167 qui
747 1093 777 1146 te
792 1084 916 1149 nomine
930 1083 1052 1165 reddet,

191 1181 305 1247 Silvius
321 1183 446 1264 AEneas,
459 1183 578 1269 pariter
592 1185 710 1270 pietate
724 1183 775 1248 vel
790 1189 886 1252 armis
1129 1181 1132 1186 “

190 1283 354 1371 Egregius,
368 1289 395 1348 si
410 1305 546 1370 unquam
561 1283 753 1370 regnandam
767 1289 928 1371 acceperit
942 1287 1068 1354 Albam.
1172 1295 1233 1355 770

165 1387 275 1492 (Qui
260 1411 394 1475 juvenes
408 1401 541 1472 quantas
555 1400 720 1468 ostentant,
734 1387 917 1474 adspice,
887 1409 989 1454 vires.
983 1390 1024 1484 ⁸)

189 1493 233 1555 At
247 1514 301 1578 qur
292 1492 459 1557 umbrata
474 1505 584 1580 gerunt
598 1490 685 1556 civili
700 1505 841 1579 tempora
856 1515 984 1578 quercu,

189 1594 238 1660 Hi
253 1596 310 1660 tibi
325 1595 522 1676 Nomentum,
537 1611 569 1662 et
581 1596 713 1678 Gabios,
727 1597 901 1682 urbemque
916 1587 1089 1679 Fidenam

190 1699 237 1762 Hi
253 1687 450 1765 Collatinas
441 1712 601 1787 imponent
615 1699 770 1764 montibus
748 1721 885 1799 arces,

189 1799 345 1866 Pometios
346 1813 571 1886 ‚castrumque
585 1801 662 1881 Inui,
677 1801 861 1888 Bolamque,
876 1803 1073 1890 Coramque:
1169 1809 1229 1868 775

189 1904 272 1969 Haec
287 1919 351 1970 tum
365 1905 492 1971 nomina
506 1917 605 1986 eruut,
620 1927 702 1970 nunc
716 1919 788 1971 sunt
801 1910 867 1972 sine
882 1913 1007 1974 nomine
1021 1921 1121 1974 terra.

187 2007 271 2090 Quin
287 2021 318 2072 et
333 2029 391 2072 avo
406 2010 554 2072 comitem
568 2029 636 2088 sese
651 2008 825 2073 Mavortius
841 2008 939 2076 addet

187 2089 350 2190 Romulus,
364 2113 513 2176 Assaraci
528 2131 621 2199 quem
635 2113 793 2198 sanguinis
808 2111 866 2177 llia
880 2129 981 2180 mater

187 2213 321 2279 Educet.
365 2214 485 2280 Viden’
499 2229 532 2278 ut
546 2215 676 2302 geminae
691 2228 772 2280 stant
785 2221 905 2282 vertice
918 2220 1031 2302 cristas,

185 2317 230 2382 Et
242 2331 334 2404 pater
348 2319 415 2404 ipse
430 2339 486 2383 suo
501 2317 648 2404 sapertun
659 2318 726 2403 jam
740 2321 842 2404 signat
856 2319 995 2386 honoret
1168 2327 1229 2386 tao

185 2419 237 2486 En
251 2421 352 2508 hujus,
368 2435 449 2501 nate,
462 2421 611 2507 auspiciis
626 2419 682 2484 illa
696 2419 817 2506 inclyta
832 2421 936 2486 Roma

186 2523 355 2610 lmperium
369 2527 471 2603 terris,
486 2526 606 2588 animos
621 2521 759 2607 equabit
773 2520 923 2608 Olympo,

186 2627 375 2714 Septemque
390 2647 453 2690 una
467 2625 528 2689 sibi
543 2598 635 2690 niurb
646 2581 853 2690 circumilabit
872 2647 973 2706 arces,

185 2729 279 2796 Felix
296 2729 384 2818 prole
399 2729 522 2796 virtimz
589 2727 648 2794 alis
664 2716 858 2816 Berec'y‘ritia
872 2741 974 2796 mater

184 2833 347 2900 lnvehitur
361 2853 457 2898 curru
472 2831 589 2918 Phry
591 2853 626 2896 as
640 2832 750 2896 turrita
764 2853 822 2917 per
836 2831 941 2912 urbes,
1167 2829 1227 2909 iub

185 2939 275 3004 Laeta
289 2937 382 3002 deum
397 2950 500 3022 partu,
513 2936 637 3002 ceolum
643 2935 818 3044 complexa
832 2952 970 3024 nepotes,

185 3043 303 3112 Omnes
317 3039 489 3123 caelicolas,
503 3061 611 3106 omnes
625 3061 739 3126 supera
754 3041 818 3106 altu
832 3056 983 3110 tenentes

184 3147 262 3212 Huc
275 3148 417 3250 geminas
432 3166 514 3210 nunc
528 3144 622 3211 'flecte
636 3146 743 3209 acies·
765 3143 847 3210 hanc
863 3145 991 3231 adspice
1007 3162 1141 3234 gentem,

184 3233 408 3336 Romanosque
424 3261 504 3314 tuos.
548 3247 616 3312 Hie
632 3247 752 3328 Caesar,
767 3261 798 3314 et
812 3252 911 3314 omnis
927 3249 985 3314 liili

185 3357 364 3472 Progenies,
367 3353 829 3448 magnumcoeliventurasub
843 3373 948 3418 axem
1165 3363 1228 3422 790

183 3459 295 3524 Hic
265 3480 323 3538 var,
338 3457 392 3522 hic
408 3469 464 3535 est,
478 3455 536 3520 tibi
551 3477 645 3540 quem
659 3455 797 3540 promitti
810 3452 925 3540 saepius
940 3392 1068 3537 111111,

182 3559 341 3648 Augustus
356 3559 477 3638 Caesar,
491 3557 558 3626 divi
572 3579 687 3646 genus3
710 3578 807 3622 aurea
821 3556 935 3622 condet

182 3653 308 3730 Saee‘ula
322 3666 377 3750 qui
391 3683 498 3728 rursus
513 3661 616 3742 Latio,
633 3675 763 3748 regnata
776 3681 836 3746 per
849 3682 927 3726 arva

180 3771 319 3836 Saturno
334 3765 512 3853 quondam3
534 3789 628 3853 super
642 3780 673 3831 et
686 3765 894 3832 Garamantas
909 3779 941 3831 et
955 3753 1049 3834 Iritlbs

179 3873 327 3940 Proieret
341 3871 524 3958 imperium:
542 3870 635 3958 jacet
645 3882 736 3935 extra
750 3867 855 3934 sidera
871 3867 970 3950 tellus,
1165 3879 1224 3938 795

177 3979 284 4046 Extra
299 3980 374 4042 anni
387 3973 524 4061 solisque
539 3977 618 4054 vias,
631 3975 687 4038 ubi
701 3971 823 4038 caelifer
837 3972 927 4038 Atlas

175 4085 285 4150 Axem
300 4078 431 4144 humero
445 4089 570 4164 torquet
584 4075 681 4144 stellis
696 4074 879 4144 ardentibus
894 4089 1010 4165 aptum.
