2928 5002
624 451 907 520 nncontconun
933 541 934 546 Ν

278 620 392 686 Audiat
408 622 473 684 hcc
488 621 603 684 tantum
619 621 667 684 vel
684 622 735 705 qni
751 620 853 682 seuit:
877 619 972 681 ecce!
1011 616 1178 681 Palemon.

278 725 431 806 Efficiam,
447 726 574 811 posthac
589 745 628 788 ne
645 745 830 810 quemquam
846 743 922 787 voce
937 721 1081 787 lacessas.

678 849 852 891 caumas.

278 937 363 1012 Quin
378 957 446 1020 age,
462 937 486 998 si
503 934 574 1019 quid
589 933 708 1011 habes3
729 934 761 996 ia
776 953 826 995 me
841 953 927 998 mora
939 953 1000 995 ncn
1015 931 1072 995 erit
1085 930 1145 996 ulla
1158 953 1169 1007 3

279 1041 350 1106 Nec
367 1061 551 1126 quemquam
567 1039 672 1123 fugio:
695 1037 821 1115 tantiam
836 1039 935 1102 vicine
951 1037 1118 1116 Palaemon,

279 1145 426 1209 Sensibus
442 1146 506 1208 haec
522 1145 601 1220 imis,
618 1165 667 1206 res
680 1157 729 1206 est
744 1163 804 1204 uon
818 1163 921 1224 parva,
933 1163 1075 1226 reponas.

676 1263 848 1306 samson.

276 1353 400 1422 Dicite:
423 1349 669 1437 quandoquidem
685 1351 714 1412 in
731 1349 813 1413 molli
828 1349 1023 1413 consedimus
1037 1348 1153 1427 herbi;

276 1455 319 1520 Et
333 1477 413 1518 nunc
424 1455 521 1518 omnis
537 1473 620 1536 aget,
635 1475 716 1517 nunc
732 1454 831 1517 amnis
845 1454 971 1538 parturit
986 1453 1086 1532 amos,

276 1561 368 1625 Nune
384 1559 525 1626 frondent
540 1559 630 1636 silvae,
647 1581 727 1623 nunc
742 1557 978 1622 formosissimus
991 1579 1098 1621 annus.

275 1665 391 1749 incipe,
405 1665 571 1746 Datnoeta3
595 1680 625 1728 tu
642 1666 753 1728 deinde
767 1665 910 1750 sequere
926 1663 1080 1730 Menalca.

275 1768 408 1833 Alternis
423 1768 531 1833 dicetis
544 1791 554 1847 ;
576 1779 678 1832 amant
694 1769 809 1832 alterna
823 1766 993 1834 Cataoenae.

677 1891 851 1934 nascens.

274 1976 324 2039 Ab
339 1974 416 2038 Jove
429 1975 621 2060 principium,
638 1973 735 2038 Musa
749 1995 759 2053 3
781 1974 867 2039 Jovis
881 1976 984 2040 omnia
998 1975 1110 2061 plew

274 2081 329 2146 Ille
345 2085 417 2147 colit
431 2093 549 2158 terras3
565 2079 692 2148 illimes
708 2081 842 2143 carmina
857 2101 949 2144 cure.

669 2201 856 2243 suanacas.

275 2285 318 2350 Et
332 2307 382 2348 me
399 2284 536 2348 Phoebus
546 2296 649 2347 amat:
672 2283 793 2348 Phoebo
808 2305 864 2348 sua
879 2305 1001 2369 semper
1017 2285 1097 2368 apud
1114 2304 1165 2349 nte

272 2389 402 2454 Munera
418 2403 497 2465 sunt,
513 2389 588 2452 lauri
604 2403 636 2452 et
650 2387 743 2452 suavia
759 2389 871 2453 rubeus
882 2389 1073 2474 hyacinthus.

672 2511 848 2554 mannans.

273 2597 358 2662 Malo
374 2617 424 2662 me
440 2596 569 2660 Galatea
585 2595 671 2680 petit,
685 2596 799 2674 lasciva
813 2597 915 2680 puella
928 2619 938 2675 ;

273 2699 316 2764 Et
330 2701 406 2784 sugit
421 2700 460 2762 ad
476 2699 595 2776 salices,
612 2712 643 2761 et
658 2719 691 2761 se
707 2700 791 2780 cupit
806 2700 875 2760 antis
891 2700 998 2762 videri.

671 2817 854 2860 suanacas.

271 2905 314 2968 At
329 2905 401 2967 mihi
416 2923 485 2965 sess
500 2901 588 2964 offert
604 2898 691 2976 utun,
704 2921 791 2963 meus
805 2901 892 2984 ignis,
904 2901 1076 2985 Amyntam

273 3010 382 3074 Notior
398 3021 429 3070 ut
440 3007 504 3092 jam
521 3007 559 3068 sit
573 3005 699 3068 canibus
714 3027 775 3068 noa
790 3005 883 3070 Delia
897 3009 1017 3072 noscis.
1061 3015 1067 3028 '

664 3127 839 3172 nascens.

271 3213 364 3276 Parta
380 3233 455 3275 meae
471 3199 586 3276 Venari
603 3227 672 3277 sunt
686 3233 836 3292 munem
858 3235 990 3298 namque
1005 3218 1105 3280 nutam

272 3314 342 3402 Ipse
358 3317 471 3395 locum,
487 3317 575 3380 atrias
592 3337 653 3402 quo
668 3315 850 3400 congessere
865 3319 1035 3403 palumbes.

662 3439 850 3483 asnaacas.

273 3519 368 3594 Quod
384 3523 477 3604 potui,
493 3541 599 3606 puero,
616 3522 742 3587 silvestri
758 3543 800 3586 ex
815 3523 922 3606 arbore
938 3525 1028 3602 lecta,

271 3625 374 3688 ,lutea
391 3627 470 3690 mala
485 3627 595 3691 decem
611 3629 699 3706 misi3
721 3649 790 3692 ctas
802 3628 896 3692 altera
911 3631 1040 3695 mittam.

671 3753 843 3796 nauseas.

271 3828 301 3892 0
317 3831 444 3914 quoties,
460 3843 491 3895 et
506 3854 583 3916 que,
598 3834 685 3899 nobis
700 3835 828 3899 Galatea
843 3837 944 3900 locuta
960 3841 1028 3902 est!
1150 3827 1154 3840 ⁸

271 3933 395 3999 Partem
412 3937 553 4022 aliquam,
570 3941 660 4016 vens,
677 3937 780 4008 diutim
795 3937 932 4006 calciatu
947 3942 986 4008 ad
1002 3961 1100 4008 auras.
