2756 5010
440 1026 809 1122 AENEIDOS

430 1289 580 1357 uruun
602 1281 810 1375 Quirinus.

175 1496 310 1560 lurensi
324 1491 460 1558 medium
475 1487 591 1554 AEneas
601 1490 669 1577 jam
683 1487 785 1553 classe
800 1489 927 1556 tenebat

137 1597 247 1662 Certus
262 1599 331 1675 iter,
345 1593 517 1679 fluctusque
532 1603 616 1656 atros
631 1588 787 1675 Aquilone
802 1593 943 1672 secabat,

138 1700 255 1764 Moenia
268 1698 450 1784 respiciens,
462 1713 531 1780 quae
542 1694 609 1780 jam
623 1691 759 1756 infelicis
772 1681 894 1758 Elissae¹

138 1799 301 1866 Collucent
314 1799 458 1864 fiammis.
501 1797 580 1879 Quoe
595 1807 714 1860 tantum
728 1795 910 1862 accenderit
924 1799 1027 1884 ignem

137 1901 243 1968 Causa
256 1901 331 1967 latet
341 1899 444 1981 3sduri
458 1917 572 1984 magno
586 1894 643 1962 sed
658 1918 764 1962 amore
779 1897 905 1964 dolores

139 2005 450 2094 Polluto,«„notumque
465 2001 570 2064 furens
585 1998 663 2086 quid
677 2000 804 2066 soemina
821 2006 929 2088 possit,

139 2107 241 2174 Triste
254 2131 313 2194 per
327 2109 489 2192 augurium
504 2103 700 2170 Teucrorum
713 2118 844 2191 pectora
858 2107 986 2174 ducunt.

178 2209 222 2274 Ut
236 2209 366 2296 pelagus
380 2205 510 2272 tenuere
524 2221 618 2287 rates,
632 2229 691 2272 nec
701 2208 768 2294 jam
783 2208 915 2295 amplius
929 2211 993 2276 ulla

140 2311 283 2377 Occurrit
296 2310 398 2392 tellus,
412 2312 513 2374 maria
527 2309 664 2394 undique
680 2321 712 2374 et
725 2309 863 2397 undique
878 2313 1009 2394 coelum3

139 2413 198 2479 Olli
213 2413 367 2482 caeruleus
382 2433 476 2500 supra
491 2424 585 2500 caput
600 2413 721 2478 adstitit
734 2414 846 2496 imber,
1133 2430 1172 2489 ιο

141 2515 268 2583 Noctem
283 2516 482 2600 hiememque
497 2515 621 2594 ferens3
644 2527 675 2578 et
689 2513 844 2580 inhorruit
857 2516 942 2582 unda
956 2521 1106 2588 tenebris.

141 2619 206 2705 lpse
218 2620 412 2708 gubernator
426 2620 524 2704 puppi
540 2615 704 2681 Palinurus
719 2617 762 2683 ab
776 2617 856 2683 altri:
975 2679 979 2694 ,

142 2723 232 2788 Heu!
255 2725 403 2810 quianam
418 2723 496 2785 tanti
510 2723 678 2785 cinxerunt
692 2719 812 2786 aethera
827 2723 949 2788 nimbi?

143 2826 273 2909 Quidve,
287 2839 380 2914 pater
390 2825 546 2912 Neptune,
560 2827 677 2909 parasl
720 2824 773 2888 Sic
789 2823 904 2924 deinde
919 2825 1048 2912 locutus,

141 2928 296 3020 Colligere
311 2950 400 2996 arma
410 2928 511 3017 jubet,
525 2925 702 3012 validisque
716 2927 899 2995 incumbere
912 2935 1029 3016 retnis,
1137 2939 1175 3000 1⁵

142 3031 353 3120 Obliquatque
366 3035 452 3098 sinus
466 3034 499 3096 in
513 3044 649 3109 ventum,
663 3051 702 3096 ac
717 3029 792 3096 talia
807 3033 909 3098 latur:

143 3133 345 3224 Magnanime¹
357 3135 466 3214 AEneu,
481 3155 553 3214 uon,
566 3137 593 3198 si
608 3133 686 3198 mihi
700 3134 950 3236 Jupiterqauctor
962 3179 974 3211 a„

142 3237 310 3324 spondeat,
324 3238 385 3304 hoc
400 3259 526 3324 sperem
540 3235 662 3303 ltaliam
676 3243 856 3326 contingere
871 3241 962 3309 coelo.

143 3339 256 3406 llutati
270 3354 447 3406 transversa
461 3342 604 3421 fremunt,
619 3353 650 3404 et
663 3361 795 3427 vespere
811 3342 852 3407 ab
867 3356 938 3409 atro

141 3441 339 3533 Consurgunt
352 3449 448 3526 venti,
463 3459 557 3531 utque
572 3447 604 3509 in
618 3445 734 3510 nubem
748 3448 871 3531 cogitur
884 3450 950 3513 aer.
1135 3463 1176 3522 90

143 3543 208 3611 Nec
223 3569 281 3612 nos
295 3548 395 3614 obniti
410 3548 529 3628 contri,
544 3569 602 3614 nec
617 3547 747 3613 tendere
761 3545 890 3630 tannim,

142 3645 334 3713 Sufficimus:
358 3661 484 3735 superat
499 3652 646 3734 quoniam
661 3648 794 3728 lortuna,
808 3671 994 3735 sequamur3

142 3745 275 3834 Quoque
288 3763 383 3814 vocat
396 3763 554 3815 vertamus
569 3753 639 3814 iter.
684 3749 753 3814 Nec
769 3749 873 3816 littora
888 3751 980 3840 longi

145 3847 224 3915 Fida
237 3875 310 3918 reor
325 3855 465 3920 fraterna
480 3855 605 3941 Erycis,
619 3867 789 3942 portusque
805 3855 944 3937 Sicanos,

143 3949 176 4012 Si
191 3952 286 4017 modo
299 3955 361 4019 rite
376 3976 496 4020 memor
511 3967 637 4020 servata
650 3959 799 4020 remetior
813 3969 909 4022 astra·
1138 3971 1178 4030 25

142 4053 224 4119 Tum
237 4061 309 4141 pius
323 4057 454 4124 AErreas:
478 4057 634 4144 Equidem
648 4059 693 4124 sic
712 4080 845 4145 poscere
858 4075 969 4129 ventos

143 4155 344 4243 iamdudum,
358 4175 390 4229 et
403 4164 519 4232 frustra
532 4183 629 4230 cerno
644 4175 674 4228 te
689 4161 818 4231 tendere
832 4165 951 4239 contra.
