2756 5010
250 488 309 544 218
698 481 888 542 AENstnos

298 643 447 729 Magnum
462 644 576 730 reginae
591 640 649 706 sed
664 640 745 706 enim
759 644 925 706 miseratus
941 659 1081 706 amorem

297 744 459 825 Daedalus,
474 746 541 831 ipse
556 744 645 809 dolos
660 749 734 809 tecti
750 745 961 830 ambagesque
976 743 1114 825 resolvit,

300 849 395 913 Caeca
409 871 521 936 regens
536 848 587 914 filo
602 849 743 936 vestigia.
788 848 838 912 Tu
853 869 977 934 quoque
992 867 1138 935 magnam
1277 849 1307 906 30

299 952 425 1016 Partem
440 972 536 1037 opere
551 952 582 1016 in
597 963 692 1031 tento,
706 954 823 1016 sineret
837 949 937 1032 dolor,
952 951 1053 1031 leare,
1067 950 1211 1016 haberes.

298 1053 354 1119 Bis
369 1068 499 1120 conatus
513 1067 581 1119 erat
594 1076 687 1120 casus
701 1053 847 1142 effingere
861 1055 894 1118 in
908 1075 1003 1134 auro,

300 1158 355 1222 Bis
370 1159 479 1244 patriae
494 1157 643 1222 cecidit-e
658 1179 777 1224 manus.
821 1159 906 1241 Quin
920 1171 1069 1244 protenus
1082 1160 1186 1222 omnia

299 1259 500 1347 Perlegerent
513 1259 621 1341 oculis,
636 1265 667 1325 ni
678 1263 745 1348 jam
760 1263 939 1348 praemissus
954 1259 1092 1326 Achates

298 1363 427 1445 Afforet,
443 1380 536 1450 atque
551 1365 612 1429 und
628 1365 741 1429 Phcebi
755 1365 935 1450 Triviaeque
950 1355 1107 1445 sacerdos,
1276 1365 1307 1420 35

297 1467 465 1552 Deiphobe
480 1467 604 1548 Glauci,
616 1469 701 1532 satur
714 1461 788 1554 quae'
797 1466 873 1532 talia
888 1471 975 1555 regi:

299 1569 370 1636 Non
386 1571 447 1636 hoc
462 1575 522 1636 ista
536 1573 596 1635 sibi
611 1585 732 1658 tempus
745 1571 927 1658 spectacula
940 1571 1058 1656 poscit:

298 1671 389 1737 Nunc
404 1696 498 1761 grege
513 1671 553 1737 de
568 1676 686 1738 intacto
700 1688 819 1760 septem
831 1687 974 1738 mactare
992 1673 1143 1760 juvencos

299 1774 492 1858 Praestiterit,
507 1775 635 1842 totidem
647 1773 747 1842 lectas
760 1775 801 1842 do
817 1797 903 1842 more
922 1772 1080 1842 bidentes.

324 1879 474 1986 ,Talibus
490 1879 585 1946 affata
602 1881 721 1946 AEnean
736 1881 812 1962 (nec
827 1903 919 1946 sacre
934 1893 1095 1945 morantur
1279 1875 1310 1933 4⁰

297 1983 317 2045 J
319 2005 390 2046 ussa
405 1984 481 2068 viri)
496 1983 638 2048 Teucros
652 1997 745 2048 vocat
760 1983 824 2048 alta
839 1987 870 2048 in
887 1981 1003 2070 templa
1017 1981 1175 2048 sacerdos.

296 2084 446 2151 Excisum
463 2087 612 2152 Euboicae
628 2086 708 2151 latus
722 2087 829 2174 ingens
842 2091 930 2174 rupis
944 2091 976 2152 in
991 2099 1123 2167 antnrm,

296 2188 367 2271 Qud
381 2189 435 2254 lati
449 2189 566 2255 ducunt
581 2189 683 2254 aditus
697 2203 831 2272 centum,
846 2191 925 2256 ostia
939 2204 1082 2271 centum3

296 2289 390 2356 Unde
405 2307 496 2358 ruunt
511 2291 639 2358 totidem
653 2315 758 2376 voces,
769 2315 919 2380 responsa
934 2289 1077 2379 sibyllas.
1100 2281 1126 2362 Υ

295 2395 434 2462 Ventum
449 2410 516 2462 erat
530 2397 572 2462 ud
589 2397 691 2478 limen,
707 2419 801 2483 quum
815 2397 913 2485 virgo,
930 2397 1064 2462 Poscere
1079 2392 1145 2462 feta
1279 2394 1311 2450 45

296 2499 445 2588 Tempus,
461 2504 521 2567 eit:
546 2497 634 2584 deus,
649 2523 735 2585 ecce,
750 2502 838 2567 deus.
883 2501 944 2566 cni
960 2501 1035 2568 talis
1050 2501 1128 2566 fanti

295 2607 377 2670 Ante
392 2607 485 2686 sores,
500 2606 602 2672 subitd
617 2629 678 2672 non
693 2606 804 2687 vultus,
820 2627 880 2671 non
895 2603 984 2670 color
995 2625 1085 2685 unus,

247 2742 252 2754 ·
296 2707 367 2774 Non
383 2725 515 2796 comptae
531 2710 674 2776 mansere
689 2730 807 2791 comoe3
829 2709 886 2774 sed
900 2724 1010 2796 peetus
1024 2707 1170 2774 anhelum

296 2811 336 2876 Et
351 2813 441 2878 rabie
456 2815 522 2878 iera
537 2813 635 2878 corda
650 2827 777 2896 tument,
792 2816 951 2900 majorque
964 2812 1077 2894 videri,

293 2915 365 2998 ¹Nec
380 2914 511 2979 mortale
526 2913 768 2996 sonans,.sfflata
784 2929 831 2980 est
845 2920 970 2982 numine
985 2915 1109 3002 quando
1281 2913 1315 2969 50

294 3015 366 3079 Jam
381 3017 528 3102 propiore
542 3016 604 3082 dei.
649 2983 765 3083 dessas
780 3022 812 3083 in
827 3034 900 3084 vota
914 3040 1099 3106 precesque,

296 3117 388 3197 Tros,
403 3117 455 3198 ait,
471 3116 590 3182 AEnest
612 3123 739 3184 cessas?
761 3141 861 3206 neque
877 3122 959 3186 enim
975 3121 1048 3188 anto
1063 3120 1223 3187 dehiscent

295 3227 443 3292 Attonitas
459 3245 571 3312 magna
585 3247 642 3291 ora
655 3227 776 3292 domus.
822 3229 863 3293 Et
877 3227 952 3294 talia
967 3231 1042 3310 fata,

297 3325 465 3392 Conticuit.
508 3327 639 3393 Gelidus
654 3329 787 3394 Teucris
799 3353 860 3418 per
874 3331 953 3397 dura
967 3333 1112 3398 cucurrit·

296 3429 377 3494 Ossa
391 3444 524 3510 tremor,
546 3431 709 3518 funditque
723 3453 835 3518 preces
849 3455 907 3499 rex
921 3450 1050 3520 pectore
1066 3437 1109 3502 ab
1124 3439 1204 3500 imo:
1288 3437 1321 3492 55

339 3532 595 3620 Phoebe'graves
610 3535 715 3624 Trojae
730 3559 854 3623 semper
868 3541 1015 3602 mIserate
1028 3535 1163 3619 labores,

295 3633 451 3702 Dardana
465 3637 518 3722 qui
534 3636 656 3702 Paridis
670 3637 786 3704 direxti
801 3637 863 3704 tela
878 3661 1049 3726 manusque
1357 3633 1358 3686 i

295 3738 419 3825 Corpus
433 3741 463 3804 in
478 3739 629 3823 AEacidae,
644 3763 771 3830 magnus
785 3745 935 3810 obeuntia
949 3758 1050 3810 terras

294 3843 357 3906 Tot
371 3845 470 3908 maria
484 3846 609 3926 intravi,
624 3845 705 3911 duce
721 3845 961 3954 ememusque
978 3849 1120 3936 repdstas

295 3948 469 4036 Massyltim
484 3961 604 4036 gentes)
614 3963 829 4036 praetentaque
846 3953 991 4040 Syrtibus
1006 3975 1101 4035 arva3
1292 3955 1328 4014 60

294 4053 366 4117 Jam
381 4051 507 4117 tandem
522 4051 620 4116 ltaliae
635 4053 777 4138 fugientis
792 4045 973 4140 prendimus
987 4076 1079 4122 oras:

293 4153 369 4220 Hsc
383 4155 523 4241 Trojana
538 4168 626 4220 tenus
641 4156 734 4221 fuerit
746 4157 870 4223 fortuna
884 4171 1002 4224 secuta.
