2928 5002
532 348 715 410 Bucoulc..
748 348 831 410 ECL.
851 347 901 410 ill.

626 535 799 578 numus.

228 615 351 698 Tityre,
364 631 524 699 pascentes
540 637 557 679 e
572 609 696 682 flumine
712 619 793 682 reice
809 617 967 701 capellese

229 720 310 805 lpse,
327 721 377 783 ubi
389 734 509 806 tempus
524 723 591 799 erit,
606 743 712 786 omues
726 724 757 786 in
773 721 855 786 sonte
869 720 987 785 lsvebu.

623 845 809 887 uuuuucus.

232 921 342 1009 Cogite
358 947 443 1002 oves,
458 929 568 1012 pueri:
591 928 615 990 si
630 928 678 992 lec
694 928 873 1012 preceperit
889 940 987 1004 estus,

230 1027 274 1092 Ut
288 1052 397 1115 nuper,
408 1030 517 1096 frustra
531 1033 735 1117 pressabimus
747 1033 840 1094 ubere
854 1031 973 1117 palmis.

630 1151 802 1193 nsuoeuus.

230 1234 319 1300 Heu!
337 1235 413 1298 heu!
430 1235 520 1319 quim
530 1235 632 1318 pingui
645 1255 750 1298 macer
762 1246 808 1295 est
819 1233 890 1296 mihi
903 1247 1007 1298 taurus
1017 1237 1047 1298 iu
1060 1257 1132 1298 ervo
1146 1237 1153 1297 !
1188 1237 1250 1298 100

229 1339 317 1404 Idem
334 1359 419 1400 emor
434 1337 558 1402 exitium
574 1339 689 1423 penest,
705 1337 885 1422 pecorisque
901 1339 1054 1422 magistro.

622 1459 808 1503 uuusucus.

230 1541 290 1607 llis
305 1542 389 1607 certe
406 1565 505 1629 neque
522 1563 606 1608 umor
621 1565 715 1609 causa
730 1558 797 1622 θεῖς
818 1545 870 1608 vix
886 1547 1003 1610 ossibus
1019 1545 1151 1610 herent:

229 1645 346 1713 Nescio
361 1649 428 1733 quis
442 1663 563 1714 teneros
577 1650 685 1714 oculus
700 1649 773 1714 mihi
789 1647 916 1715 fascinet
928 1671 1031 1736 agnos.

630 1772 804 1816 neuturus.

229 1853 290 1919 Dic
307 1857 415 1942 quibus
429 1857 460 1919 in
474 1858 573 1934 terris,
589 1858 695 1920 eteris
710 1855 783 1919 mihi
798 1875 925 1939 magnus
939 1855 1061 1944 Apollo,
1100 1861 1103 1870 '

228 1959 310 2026 Tres
324 1976 427 2046 pateat
441 1962 511 2026 eoeli
528 1962 657 2046 spetiem
673 1980 733 2024 nun
749 1960 877 2044 emplius
893 1960 988 2023 ulnes.
1190 1959 1250 2022 105
1375 1979 1377 1982 ·

619 2082 808 2126 ususucss.

228 2165 290 2234 Dic
306 2171 414 2254 quibus
426 2171 459 2234 in
475 2170 562 2233 terris
578 2166 711 2250 inscripti
727 2165 848 2228 uomina
863 2183 970 2246 regum

228 2277 401 2346 Nascantur
416 2279 529 2356 flores3
551 2292 583 2342 et
597 2275 741 2360 Phyllide
755 2275 837 2338 solus
853 2272 973 2336 hebeto.
1045 2275 1051 2286 '

633 2397 805 2442 essenus.

229 2488 301 2553 Nou
316 2501 450 2552 nostrum
466 2487 614 2550 intervos
628 2497 725 2548 tentas
741 2499 927 2564 componere
942 2479 1033 2542 lites:
1117 2513 1121 2522 ,

232 2591 293 2679 [Et
308 2591 400 2656 vituli
415 2606 446 2655 tu
463 2591 581 2674 dignus,
597 2602 629 2652 et
644 2588 703 2664 hic,
719 2599 751 2649 et
766 2585 900 2669 quisquis
915 2603 1034 2648 amores

230 2699 294 2761 Aut
309 2710 423 2760 metuet
439 2695 556 2771 dulces,
566 2707 617 2758 eut
632 2691 806 2776 experietur
821 2686 967 2772 emerus]

233 2798 376 2864 Claudite
388 2800 454 2884 jem
470 2799 561 2875 rivos,
575 2796 685 2882 pueri;
707 2807 753 2858 sut
767 2805 853 2880 prete
867 2791 1015 2856 biberunt.
