2756 5010
204 417 261 474 266
648 415 839 474 AENEIDOS

245 570 411 655 Tantaque
426 591 459 632 se
475 569 571 633 iacies
586 572 698 654 aperit.
744 569 827 634 Tum
841 569 983 633 flammea
997 583 1143 655 torquens

245 673 388 753 Lumina,
403 685 610 754 cunctantem,
624 686 655 736 et
670 685 860 758 quaerentem
873 671 981 736 dicere
995 672 1096 757 plura,

246 775 384 861 Repulit,
399 789 429 840 et
443 779 582 862 geminos
597 779 699 841 erexit
713 775 852 839 crinibus
868 795 994 860 angues,
1210 761 1261 836 450

245 881 454 964 verberaque
469 881 614 957 insonuit,
628 877 804 962 rabidoque
819 876 887 941 haec
903 876 1026 941 addidit
1039 899 1113 941 ore:

183 1029 192 1042 .
245 984 295 1048 En
310 1004 368 1068 ego
381 985 465 1046 victa
480 982 548 1062 situ,
563 1003 658 1066 quam
673 985 741 1046 veri
756 980 860 1046 effoeta
875 994 1018 1044 senectus

245 1087 343 1150 Arma
357 1086 437 1150 inter
451 1107 558 1171 regum
573 1083 652 1148 salsa
666 1083 829 1148 formidine
844 1081 933 1147 ludit.

244 1188 381 1274 Respice
397 1187 438 1253 ad
455 1187 542 1252 haec:
566 1187 675 1251 adsum
690 1185 829 1251 dirarum
844 1187 885 1250 ab
901 1185 976 1251 sede
991 1207 1150 1252 sororum:

245 1289 336 1356 Bella
351 1313 444 1355 manu
459 1290 615 1374 letumque
629 1311 716 1376 gero.
1212 1293 1262 1350 4⁵5

246 1394 297 1458 Sic
313 1393 407 1458 effata
421 1394 521 1480 facem
532 1393 640 1479 juveni
657 1391 801 1477 conjecit,
817 1404 848 1455 et
862 1403 931 1456 atro

244 1497 376 1561 Lumine
392 1497 544 1560 fumantes
559 1493 627 1557 linit
641 1494 699 1557 sub
714 1506 843 1578 pectore
858 1493 967 1557 taedas.

286 1599 349 1663 Olli
365 1620 505 1663 somnum
519 1597 626 1682 ingens
640 1598 754 1682 rumpit
768 1617 885 1681 pavor:
907 1615 1041 1680 ossaque
1055 1607 1087 1658 et
1100 1605 1183 1656 artus

245 1699 406 1766 Perfundit
421 1712 484 1764 toto
499 1711 665 1784 proruptus
679 1719 813 1784 corpore
828 1696 935 1760 sudor.

243 1805 341 1868 Arma
356 1823 462 1866 amens
477 1801 598 1880 fremit3
621 1815 715 1864 arma'
724 1813 792 1865 toro
807 1801 957 1884 tectisque
973 1799 1114 1883 requirit.
1213 1799 1266 1858 460

245 1906 339 1970 Saevit
354 1927 442 1968 amor
455 1905 541 1984 ferri,
556 1915 586 1967 et
600 1901 754 1967 scelerata
769 1904 889 1967 insania
904 1899 989 1980 belli,
1074 1939 1078 1948 ·

242 2012 294 2075 Ira
309 2011 414 2092 super·
458 2007 573 2094 Magno
589 2005 683 2071 veluti
698 2027 792 2091 quum
808 2005 932 2070 flamma
946 2025 1057 2068 sonore

242 2112 363 2199 Virgea
377 2111 549 2197 suggeritur
563 2109 656 2174 costis
671 2109 817 2174 undantis
832 2109 936 2188 aheni,

242 2215 470 2299 Exsultantque
485 2227 562 2277 aestu
577 2212 705 2278 latices:
729 2213 803 2277 furit
818 2217 898 2278 intus
914 2215 1009 2297 aquai

242 2316 391 2381 Fumidus
407 2329 500 2401 atque
515 2314 578 2379 alte
593 2315 709 2401 spumis
723 2316 875 2379 exuberat
890 2315 1009 2379 amnis:

242 2420 310 2485 Nec
320 2422 387 2507 jam
401 2441 435 2484 se
450 2419 534 2504 capit
549 2417 651 2498 unda;
675 2418 758 2483 volat
772 2441 871 2503 vapor
886 2432 955 2481 ater
969 2417 1010 2482 ad
1026 2438 1131 2482 auras.

241 2525 325 2612 Ergo
340 2528 399 2590 iter
413 2523 454 2588 ad
469 2545 585 2610 regem,
599 2523 717 2609 polluta
730 2545 821 2609 pace,
837 2524 982 2589 Latinum

241 2627 354 2692 Indicit
368 2627 475 2712 primis
484 2627 645 2714 juvenum,
659 2637 690 2689 et
700 2627 792 2713 jubet
807 2647 892 2690 arma
911 2629 1029 2711 parari,

240 2731 351 2795 Tutari
368 2730 499 2810 ltaliam,
513 2729 682 2794 detrudere
697 2726 808 2794 linibus
822 2728 960 2808 hostem3

241 2833 282 2896 Se
297 2835 372 2897 satis
388 2831 541 2895 ambobus
555 2832 751 2916 Teucrisque
767 2833 873 2896 venire
889 2832 1085 2918 Latinisque.

241 2931 328 2998 Hoec'
338 2935 392 2998 ubi
408 2931 495 2996 dicta
509 2930 607 3010 dedit,
622 2933 774 3018 divosque
789 2935 819 2999 in
835 2947 906 3000 vota
925 2939 1063 3015 vocavit,

240 3035 393 3099 Certatim
407 3055 476 3097 sese
492 3032 599 3097 Rutuli
614 3033 818 3100 exhortantur
833 3037 864 3100 in
879 3057 977 3102 arma.

239 3138 337 3201 Hunc
350 3135 449 3201 decus
464 3139 622 3222 egregium
637 3138 863 3206 sormaemovet
878 3153 971 3224 atque
982 3140 1132 3226 juventae,

240 3239 335 3302 Hunc
350 3242 435 3303 atavi
450 3261 549 3325 reges,
560 3237 642 3303 hunc
658 3237 752 3304 claris
766 3239 899 3306 dextera
915 3241 1019 3308 sactis.

85 3418 88 3427 Ι
202 3385 204 3391 ,
281 3339 365 3406 Dum
380 3341 505 3405 Turnus
520 3340 652 3406 Rutulos
667 3344 777 3408 animis
792 3343 964 3409 audacibus
979 3346 1096 3432 implet,

236 3441 361 3509 Allecto
375 3445 408 3508 in
423 3443 564 3508 Teucros
580 3446 699 3531 Stygiis
714 3467 748 3510 se
763 3450 899 3512 concitat
914 3446 983 3528 alis,

238 3547 315 3610 Arte
329 3545 411 3610 nova
425 3544 585 3630 speculata
600 3545 701 3610 locum
716 3568 777 3630 quo
792 3547 895 3612 littore
910 3548 1059 3632 pulcher²

238 3645 362 3742 Insidiis
377 3669 531 3732 cursuque
547 3648 630 3712 seras
645 3649 786 3734 agitabat
801 3648 896 3714 liilus.

238 3751 306 3817 Hic
321 3753 456 3818 subitam
469 3751 600 3816 canibus
615 3754 737 3816 rabiem
752 3753 892 3840 Cocytia
906 3757 995 3840 virgo

236 3853 365 3941 objicit,
379 3866 410 3918 et
424 3866 496 3918 noto
511 3875 603 3918 nares
617 3857 768 3942 contingit
782 3855 889 3936 odore,

239 3955 283 4020 Ut
297 3977 425 4021 cervum
439 3955 584 4020 ardentes
598 3971 743 4042 agerent:
767 3979 837 4041 quae
852 3960 955 4043 prima
971 3956 1114 4026 laborum

237 4057 344 4126 Causa
358 4059 425 4142 luit,
440 4057 586 4146 belloque
602 4060 720 4126 animos
736 4060 881 4126 accendit
896 4077 1046 4147 agrestes.
1115 4043 1120 4060 i
