2756 5010
246 459 305 516 210
692 448 883 514 AENEIDOS

290 613 512 700 ingentemque
527 611 599 699 nge
614 615 714 678 secuit
727 612 787 678 sub
801 613 939 678 nubibus
954 631 1072 678 areum

291 715 373 780 Tum
388 715 465 780 verti
479 719 617 780 attentus
632 719 788 795 monstris,
804 729 946 802 actaeque
962 718 1078 798 lurore,

257 859 260 867 =
294 819 510 901 Conclamant,
525 823 711 905 rapiuntque
727 820 806 884 focis
820 820 1036 904 penetralibus
1049 823 1168 908 ignem:
1249 823 1296 884 tto

220 1001 224 1010 Ι
295 925 373 990 Pars
387 922 522 1009 spoliant
536 945 618 1002 aras,
632 921 776 988 frondem
791 943 828 988 ac
844 921 977 1010 virgulta
992 925 1140 1011 facesque

294 1029 492 1116 Conjiciunt:
516 1029 590 1094 furit
604 1030 750 1092 immissis
765 1027 928 1092 Vulcanus
940 1027 1074 1094 habenis

294 1131 448 1197 Transire
461 1153 529 1217 per,
545 1144 575 1196 et
590 1151 702 1210 remos,
713 1144 744 1196 et
757 1132 857 1215 pictas
872 1132 978 1196 abiete
992 1119 1126 1218 puppes.

295 1234 428 1299 Nuntius
443 1233 590 1298 Anchisae
606 1232 646 1297 ad
663 1230 811 1298 tumulum
825 1253 1005 1318 cuneosque
1020 1233 1135 1300 theatri

296 1335 443 1401 lucenses
457 1337 576 1422 perfert
591 1357 688 1400 naves
702 1334 873 1416 Eumelus3
895 1349 926 1398 et
940 1339 1002 1421 ipsi
1080 1325 1082 1330 ’
1251 1331 1298 1396 tot

297 1439 482 1526 Respiciunt
496 1451 595 1502 atram
610 1438 641 1502 in
656 1437 762 1502 nimbo
777 1435 909 1502 volitare
925 1437 1076 1506 favillam.

295 1543 417 1607 Primus
432 1555 462 1606 et
476 1545 641 1622 Ascanius,
655 1563 765 1606 cursus
778 1553 812 1606 ut
826 1541 914 1606 letus
928 1556 1090 1626 equestres

295 1643 453 1724 Ducebat,
467 1647 512 1708 sic
528 1665 604 1708 acer
618 1665 699 1728 equo
714 1644 839 1708 turbata
852 1643 964 1728 petivit

234 1771 237 1782 ·
297 1747 431 1828 Castra;
453 1771 511 1812 nec
527 1751 687 1814 exanimes
702 1760 830 1834 possunt
843 1748 978 1812 retinere
992 1748 1146 1834 magistri.

295 1851 374 1932 Quis
389 1851 475 1915 furor
489 1853 547 1915 iste
562 1855 682 1916 novus?
704 1849 766 1936 qub
781 1872 872 1930 nunc,
887 1849 949 1936 quoi
964 1850 1102 1930 tenditis,
1117 1854 1219 1937 inquit,
1252 1849 1300 1912 670

296 1943 390 2017 Ηουῖ
413 1954 534 2018 miserae
549 1955 656 2017 cives?
678 1975 739 2017 non
754 1951 885 2032 hostem,
899 1953 1087 2038 inimicoque
1103 1967 1203 2020 castra

295 2055 462 2142 Argivrim,
471 2070 591 2120 vestras
606 2077 678 2142 spes
692 2054 793 2119 uritis.
837 2055 886 2120 En
901 2077 958 2142 ego
973 2070 1078 2120 vester

261 2183 264 2188 ·
296 2161 459 2226 Ascanius.
503 2159 635 2224 Galeam
651 2173 722 2223 ante
737 2157 835 2244 pedes
849 2161 984 2246 projecit
998 2161 1136 2242 inanem,

296 2263 366 2346 Qui
381 2262 455 2328 ludo
469 2261 595 2328 indutus
610 2261 686 2326 belli
702 2260 870 2326 simulacra
885 2263 1002 2326 ciebat.

298 2367 465 2432 Accelerat
480 2367 571 2432 simul
588 2365 711 2446 AEneas,
727 2365 817 2430 simul
833 2367 956 2452 agmina
972 2365 1144 2432 Teucnim.
1230 2422 1233 2431 .
1255 2367 1303 2424 675

297 2474 354 2534 Ast
369 2470 430 2534 illae
446 2471 572 2536 diversa
586 2483 670 2534 metu
684 2491 742 2556 per
756 2469 859 2534 littora
874 2473 991 2554 passim

297 2571 492 2660 Diffugiunt3
514 2573 682 2658 silvasque,
697 2585 728 2636 et
742 2571 844 2636 sicubi
858 2593 1001 2636 concava
1016 2573 1124 2638 furtim

298 2679 393 2765 Saxa,
408 2691 534 2763 petunt:
558 2678 641 2764 piget
656 2677 783 2762 incepti,
796 2675 955 2760 lucisque3
977 2695 1114 2762 suosque

297 2781 425 2846 Mutatae
441 2795 629 2869 agnoscunt3
651 2801 846 2864 excussaque
862 2792 990 2864 pectore
1004 2781 1086 2844 Juno
1103 2793 1162 2846 est.

297 2885 360 2949 Sed
376 2908 436 2950 non
452 2885 572 2948 idcirco
588 2885 719 2948 llammae
734 2897 828 2968 atque
843 2883 992 2948 incendia
1006 2885 1090 2948 vires
1259 2879 1309 2940 630

297 2987 467 3052 Indomitas
482 2985 633 3070 posutire:
656 2986 718 3050 udo
733 2987 792 3050 sub
807 2987 922 3052 robore
936 2990 1015 3050 vivit

298 3092 426 3174 Stuppa‚
441 3111 567 3154 vomens
583 3089 858 3169 turdumlumum3
881 3090 1043 3176 lentusque
1058 3095 1187 3157 carinas

297 3192 354 3255 Est
368 3213 477 3276 vapor,
492 3205 523 3255 et
537 3204 601 3256 toto
616 3191 780 3256 deseendit
794 3214 928 3278 corpore
942 3196 1039 3279 pestis
1054 3217 1063 3272 ς

297 3297 327 3360 N
330 3317 366 3360 ec
380 3299 464 3360 vires
479 3296 610 3360 heroum
623 3298 788 3380 infusaque
803 3296 929 3362 flumine
943 3309 1085 3382 prosunt.

297 3399 379 3463 Tum
395 3402 464 3484 pius
481 3398 595 3462 AEneas
610 3397 748 3462 humeris
763 3398 952 3462 abscindere
967 3411 1096 3479 vestem,
1265 3393 1315 3455 685

297 3503 488 3588 Auxilioque
504 3524 619 3568 vocare
633 3503 720 3583 deos,
735 3515 766 3566 et
781 3501 910 3568 tendere
925 3502 1063 3588 palmas.

202 3619 204 3624 ’
297 3607 421 3692 Jupiter
435 3609 641 3690 omnipotens
656 3603 834 3670 sinendum
848 3625 962 3670 exosus
978 3603 1020 3668 ad
1035 3626 1131 3670 unum
1354 3659 1355 3704 ,

297 3709 502 3794 Trojanos,s1
518 3708 594 3793 quid
610 3711 711 3793 pietas
726 3710 854 3792 antiqua
870 3706 997 3771 labores
1354 3745 1355 3792 t

298 3813 441 3898 Respicit
456 3812 624 3892 humanos3
646 3811 687 3876 da
702 3813 857 3876 flammam
872 3809 1010 3876 evadere
1025 3808 1121 3876 classi

296 3915 399 3995 Nunc,
414 3928 512 4000 pater,
527 3929 558 3979 et
573 3929 681 3980 tenues
696 3914 855 3980 Teucrum
867 3936 920 3979 res
935 3917 1024 3999 eripe
1039 3913 1121 3993 leto,
1271 3906 1323 3968 69⁰

297 4017 361 4086 Vel
375 4032 418 4098 tu,
433 4018 517 4102 quod
533 4032 684 4104 superest,
692 4019 810 4082 infesto
826 4015 953 4082 fulmine
968 4020 1071 4096 morti,

299 4123 333 4185 Si
349 4141 482 4200 mereor,
496 4121 635 4200 demitte,
650 4120 764 4206 tutique
779 4119 832 4186 bic
847 4120 946 4186 obrue
961 4117 1085 4184 dextri.
1135 4151 1165 4246 q
