2928 5002
212 455 249 509 24

550 451 728 514 sueonie.
767 455 849 516 ECL.
871 453 932 516 Vll.

252 600 364 664 Omnia
378 621 458 666 nune
472 601 571 667 rident
586 627 593 666 :
617 619 657 682 at,
675 606 699 668 si
715 587 866 671 forinosus
881 607 990 671 Alexis
1232 615 1271 674 55

251 703 406 770 Montibus
420 706 467 770 his
482 708 580 787 abeat,
596 710 701 774 videas
717 727 747 775 et
762 713 887 776 flumina
902 713 994 776 sicca.

664 833 821 880 rnrosrs.

250 917 329 981 Aret
343 938 426 1002 ager,
441 922 513 986 vitio
527 925 659 989 moriens
671 926 731 989 sitit
747 927 824 989 airis
839 927 945 1003 herbo,

249 1021 345 1087 Liber
358 1027 535 1108 pampineas
550 1029 655 1094 invidit
670 1029 797 1095 collibus
812 1031 956 1094 umbras=

248 1126 398 1212 Phyllidis
412 1132 544 1196 adventu
559 1147 665 1197 nostrae
681 1157 790 1198 nemus
802 1155 892 1197 omne
908 1136 1027 1213 virebit,

247 1233 365 1320 Jupiter
381 1252 412 1301 et
427 1238 494 1302 leto
510 1238 678 1302 descendet
691 1238 838 1320 plurimus
852 1238 952 1300 imbri.
1227 1241 1269 1304 60

648 1357 815 1401 cosmon.

247 1442 384 1528 Populus
399 1441 515 1505 Alcide
533 1442 710 1526 grndssimn,
726 1443 793 1506 vitis
808 1439 933 1520 Iaccho,

248 1547 402 1613 Formose
418 1561 533 1632 myrtus
548 1546 673 1625 Veneri,
690 1569 745 1612 sua
760 1549 865 1613 laurea
880 1548 1024 1614 Phoebo:

247 1653 365 1737 Phyllis
380 1668 461 1718 emat
476 1654 616 1738 norylos;
638 1655 703 1718 illas
719 1656 790 1718 dum
807 1654 925 1737 Phyllis
942 1656 1064 1734 amabit,

246 1760 316 1825 Neo
332 1775 448 1848 myrtus
462 1761 563 1826 vincet
578 1760 710 1844 corylos,
727 1781 785 1824 nec
801 1760 906 1824 laurea
922 1760 1044 1825 Phoebi.

655 1883 813 1926 rnrnsrs.

247 1967 399 2033 Fraxinus
413 1969 443 2030 in
459 1968 539 2032 silvis
553 1967 768 2052 pulcherrima,
784 1970 873 2051 pinus
888 1971 917 2033 in
931 1970 1034 2045 hortis,
1121 2001 1123 2008 ⁴
1227 1969 1269 2030 65

245 2075 382 2160 Populus
398 2075 426 2138 in
442 2074 550 2155 fluviis,
566 2075 649 2138 abies
665 2077 695 2138 in
710 2075 863 2139 montibus
878 2076 968 2140 allis:

246 2180 363 2266 Sepiias
379 2195 409 2244 at
424 2182 525 2257 sime,
542 2177 662 2264 Lycida
678 2179 820 2260 formose,
837 2181 961 2258 revisas,

246 2282 398 2350 Fraxinus
408 2287 437 2350 in
453 2284 535 2363 silyis
549 2286 641 2350 cedat
655 2284 719 2362 tibi,
735 2285 824 2368 pinus
839 2285 869 2348 in
885 2285 990 2349 hortis.

635 2409 822 2451 usnrnoens.

245 2489 323 2557 Hac
339 2494 476 2571 memini,
491 2494 648 2557 ernistum
665 2491 774 2555 frustra
790 2491 976 2557 contendere
991 2489 1138 2574 Thyrsin.

244 2595 313 2682 [Ex
329 2599 381 2663 illo
396 2595 542 2682 Corydon
559 2597 707 2683 Corydon
723 2613 770 2662 est
784 2613 923 2682 tempore
939 2593 1053 2680 nobis]
1226 2593 1269 2656 70
