2756 5010
510 455 627 516 arsita
646 456 721 516 Vlll.

135 611 326 700 Conjunxdre
339 609 408 692 tihi,
421 623 452 675 et
466 611 537 680 fatis
552 610 646 698 egdre
659 614 825 680 volentem.

132 715 300 798 Dardanus,
315 716 419 782 lliacse
434 721 553 803 primus
567 732 658 804 pater
671 719 759 783 urbis
774 732 806 784 et
818 733 936 802 auctor,

133 817 261 899 Electra,
275 833 309 884 ut
322 821 412 884 Graii
427 819 777 939 perhibentfftlantide
792 837 906 904 cretus,
1097 833 1158 892 135

132 921 299 988 Advehitur
312 924 474 989 Teucros:
498 923 656 990 Electram
671 883 824 991 maxlffius
838 925 927 992 Atlas

135 1023 241 1109 Edidit,
254 1029 401 1094 ether-ios
415 1029 545 1094 humero
560 1031 614 1115 qui
628 1030 756 1094 sustinet
771 1032 876 1095 orbes.

133 1133 228 1198 Vobis
243 1134 418 1198 Mercurius
433 1147 524 1220 pater
538 1147 594 1215 est,
608 1156 701 1221 quem
715 1133 852 1200 candida
867 1134 955 1200 Maia

133 1235 270 1322 Cyllenae
283 1237 389 1324 gelido
403 1252 588 1324 conceptum
601 1238 721 1302 vertice
735 1233 832 1318 sudit3

133 1343 170 1404 At
183 1341 311 1424 Maiam,
326 1343 438 1408 auditis
452 1345 479 1406 si
494 1341 662 1428 quidquam
676 1341 845 1423 credimus,
858 1341 958 1423 Atlas,
1101 1348 1163 1408 140

135 1443 213 1509 Idem
228 1445 319 1516 Atlas
333 1458 462 1532 generat
475 1443 548 1509 coeli
559 1434 617 1530 'qui
630 1446 737 1512 sidera
751 1443 841 1510 tollit.

134 1549 179 1612 Sic
192 1571 288 1636 genus
304 1550 465 1614 amborum
481 1549 593 1614 scindit
607 1571 641 1614 se
655 1551 805 1636 sanguine
820 1549 862 1614 ab
876 1571 950 1614 uno.

133 1651 189 1716 His
200 1653 308 1732 fretus,
323 1675 383 1716 non
398 1650 526 1737 legatos,
540 1673 642 1738 neque
657 1656 759 1738 prima
777 1673 836 1738 per
850 1665 950 1716 artem

132 1751 332 1819 Tentamenta
347 1757 390 1818 tui
405 1755 508 1841 pepigi
517 1755 535 1816 τ’
549 1776 608 1834 me,
623 1778 673 1819 me
688 1759 765 1841 ipse,
779 1776 944 1840 meumque

132 1854 239 1944 Objeci
253 1871 357 1944 caput,
373 1871 404 1921 et
418 1857 550 1943 supplex
566 1857 606 1922 ad
623 1859 730 1923 limina
745 1863 828 1923 veni.
1101 1861 1162 1925 145

131 1958 209 2024 Gens
224 1959 347 2040 eadem,
362 1981 431 2045 quae
446 1973 486 2038 te,
501 1959 622 2024 crudeli
637 1960 762 2026 Daunia
781 1961 865 2026 bello
1015 1976 1018 2016 Ι

133 2059 323 2148 Insequitur:
345 2083 402 2127 nos
416 2065 443 2126 si
459 2061 585 2148 pellant,
600 2063 676 2129 nihil
692 2065 803 2130 abfore
817 2064 950 2130 credunt
985 2109 988 2114 -

132 2164 209 2246 Quin
223 2189 348 2231 omnem
364 2167 553 2251 Hesperiam
568 2165 690 2252 penitds
705 2190 761 2232 sua
775 2169 920 2256 subjuga
935 2170 1067 2250 mittant,

132 2265 170 2331 Et
183 2291 270 2335 mare
286 2269 371 2355 quod
386 2270 479 2354 supra
494 2281 630 2348 teneant,
644 2269 791 2355 quodque
806 2270 895 2335 alluit
909 2272 999 2337 infra.

132 2372 247 2459 Accipe
262 2373 367 2466 daque
383 2370 495 2436 iidem:
517 2384 586 2435 sunt
600 2372 690 2436 nobis
705 2373 799 2437 sortia
814 2370 899 2437 bello
1103 2383 1165 2442 150

133 2473 270 2556 Pectora,
286 2488 356 2540 sunt
370 2475 475 2550 animi,
489 2487 521 2538 et
534 2475 628 2538 rebus
643 2489 783 2560 spectata
794 2477 952 2563 juventus.

170 2577 307 2644 Dixerat
322 2578 452 2642 AEneas:
476 2575 529 2641 ille
544 2599 579 2640 os
593 2576 762 2662 oculosque
777 2577 930 2662 loquentis

131 2679 198 2745 Jam
212 2681 333 2747 dudum
348 2695 379 2746 et
393 2693 490 2746 totum
505 2680 659 2746 lustrabat
673 2679 787 2746 lumine
800 2703 926 2767 corpus.

132 2780 207 2848 Tum
222 2786 266 2848 sic
283 2805 386 2870 pauca
399 2784 513 2848 refert:
537 2782 581 2846 Ut
596 2797 635 2863 te,
648 2783 814 2848 fortissime
828 2783 997 2867 Teucn'im,

133 2885 260 2974 Accipio
275 2909 476 2974 agnoscoque
491 2887 609 2952 libens!
631 2900 665 2952 ut
679 2887 778 2952 verba
791 2893 931 2975 parentis
1104 2897 1166 2956 15⁵

131 2985 170 3052 Et
182 3011 294 3056 vocem
310 2991 457 3055 Anchisa
473 2995 577 3077 magni
592 2990 772 3076 vultumque
786 2992 953 3058 recordor!
984 3015 986 3026 ·

131 3089 208 3158 Nam
222 3095 351 3160 memini
365 3095 516 3160 Hesiona
532 3094 679 3158 visentem
692 3115 791 3181 regna
804 3100 920 3161 sororis

131 3191 420 3263 Laomedontiaden
436 3197 604 3278 Priamum,
620 3197 778 3263 Salamina
791 3212 958 3284 petentem,

131 3297 279 3368 Proteuus
295 3301 443 3368 Arcadia
457 3301 577 3388 gelidos
592 3304 728 3366 invisere
742 3301 832 3366 fines.

128 3398 209 3468 Tum
223 3389 304 3472 mihi
319 3407 421 3493 prima
435 3425 531 3491 genas
544 3405 680 3470 vestibat
695 3404 771 3468 flore
780 3407 930 3492 juventa3
994 3415 997 3420 '
1103 3416 1166 3476 160

130 3505 336 3596 hliraharque
351 3509 449 3576 duces
463 3507 621 3588 Teucros3
642 3509 782 3573 mirabar
796 3521 828 3572 et
841 3511 943 3595 ipsum

131 3609 440 3680 Laomedontiaden:
462 3611 518 3678 sed
533 3614 654 3676 cunctis
668 3609 761 3675 altior
774 3610 841 3674 ibat

131 3715 295 3782 Anchises.
339 3715 422 3782 Mihi
436 3739 523 3782 mens
533 3714 673 3802 juvenali
690 3713 823 3778 ardebat
838 3729 945 3778 amore

130 3817 333 3907 Compellare
346 3824 459 3900 virum,
474 3833 506 3883 et
520 3819 640 3884 dextrae
656 3819 844 3904 conjungere
859 3816 1023 3884 demam:

129 3923 271 4005 Accessi,
285 3938 316 3989 et
329 3923 462 4011 cupidus
478 3921 596 3988 Phenei
610 3923 669 3985 sub
684 3923 799 3985 moenia
812 3919 900 3984 duxi.
1105 3927 1166 3988 16⁵

127 4023 183 4090 llle
198 4027 279 4093 mihi
294 4031 444 4117 insignem
458 4027 640 4114 pharetram
655 4025 834 4111 Lyciasque
849 4027 988 4112 sagittas,

126 4123 316 4212 Discedens,
329 4130 595 4220 chlamydemque
610 4149 687 4198 auro
701 4127 790 4197 dedit
802 4127 1008 4210 intertextam,
