2890 5002
213 419 269 474 ¹44
650 409 840 470 AENEIDOS

254 559 416 646 Sperastit
438 573 616 644 tantumque
630 549 717 624 uelas
731 559 832 645 patrio
846 557 966 623 excidit
979 563 1056 622 oret

255 663 289 728 Si
299 662 378 728 nihil
392 685 433 728 ex
444 663 530 728 tanth
543 664 664 749 superis
674 661 779 748 placet
793 661 872 726 urbe
886 659 1031 746 relinqui,

255 765 296 830 Et
310 765 398 830 sedet
413 765 473 830 hoc
488 769 602 844 animo,
616 767 824 860 peritumque
840 765 958 830 addere
973 765 1080 852 Trojte
1226 769 1288 828 660

254 869 365 954 Teque
380 882 510 954 tuosque
520 871 629 955 juvat3
649 881 735 954 patet
749 869 800 932 isti
808 871 907 956 janua
921 867 1001 932 leto:

254 973 388 1059 Jamque
403 972 505 1037 aderit
518 972 614 1037 multo
630 971 800 1036 Priamide
815 976 965 1059 sanguine
980 969 1132 1058 Pyrrhus,

255 1075 370 1142 Natum
381 1090 452 1142 ante
466 1098 525 1141 ora
539 1077 646 1162 patris,
660 1089 783 1161 patrem
797 1079 851 1160 qui
866 1076 1034 1140 obtruncat
1048 1073 1089 1139 ad
1104 1095 1185 1139 aras.

255 1180 329 1244 Hoc
345 1194 423 1260 erat,
438 1179 521 1244 alma
534 1199 658 1264 parens,
674 1177 758 1262 quod
772 1199 822 1242 me
836 1199 895 1263 per
909 1176 982 1258 tela,
995 1200 1054 1264 per
1067 1181 1156 1264 ignes

254 1281 371 1370 Eripis,
384 1295 418 1349 ut
433 1281 544 1347 mediis
559 1281 679 1345 hostem
694 1281 961 1366 inpenetrolibus,
976 1293 1070 1368 utque
1225 1287 1287 1344 665

255 1388 434 1466 Ascanium,
448 1398 631 1470 patremque
646 1405 758 1463 meum,
769 1385 920 1471 juxtaque
935 1384 1096 1464 Creiisam,

253 1487 396 1552 Alterum
410 1489 442 1550 in
458 1485 586 1550 alterius
600 1500 749 1551 mactatos
764 1491 911 1572 sanguine
925 1492 1074 1552 cernami

254 1591 362 1670 Arma,
375 1591 445 1670 viri,
459 1591 538 1655 ferte
553 1611 658 1655 arma:
681 1602 773 1654 vocat
787 1588 840 1654 lux
855 1589 964 1656 ultima
977 1596 1087 1656 victos.

255 1691 394 1783 Reddite
409 1715 459 1758 me
474 1693 605 1773 Danais,
619 1695 710 1758 sinite
724 1698 894 1759 instaurata
909 1697 1045 1759 revisam

256 1795 393 1862 Proelia:
415 1817 573 1884 nunquam
586 1819 693 1862 omnes
709 1796 803 1861 hodie
817 1800 987 1862 moriemur
1001 1797 1102 1862 inulti.
1111 1826 1125 1908 l

297 1901 385 1966 Hinc
400 1899 485 1964 serra
499 1901 646 1986 accingor
660 1921 775 1980 rursus,
789 1898 968 1986 clypeoque
978 1904 1134 1966 sinistram

255 2002 449 2068 insertabam
460 2017 580 2087 aptans,
594 2025 705 2088 meque
720 2017 810 2067 extra
826 2017 908 2068 tecta
922 2005 1073 2069 ferebam.

255 2105 340 2170 Ecce
351 2119 454 2172 autem
468 2105 634 2191 complexa
649 2106 746 2192 pedes
761 2111 793 2170 in
808 2107 913 2172 limine
928 2111 1042 2195 conjux

193 2263 205 2278 .
256 2211 421 2290 llaerebat,
434 2231 628 2297 parvumque
642 2214 725 2296 patri
737 2209 886 2276 tendebat
901 2211 1016 2276 liilum:

218 2333 222 2346 ·
255 2311 288 2375 Si
302 2313 549 2397 periturusabis,
558 2326 595 2390 ,et
609 2335 665 2378 nos
679 2334 757 2398 rape
772 2315 805 2376 in
819 2313 923 2378 omnia
938 2325 1040 2378 tecum
1052 2341 1060 2392 3

254 2416 309 2480 Sin
324 2414 461 2501 aliquam
475 2429 623 2502 expertus
637 2416 765 2502 sumptis
780 2437 867 2501 spem
882 2421 972 2504 ponis
987 2421 1018 2481 in
1034 2420 1139 2498 armis,

254 2517 350 2582 Hanc
364 2516 498 2604 primitm
513 2532 615 2583 tutare
630 2518 775 2584 domumz
798 2522 850 2583 cui
865 2541 981 2604 parvus
997 2518 1089 2599 lilius,

253 2617 315 2683 Cui
326 2633 426 2705 pater,
441 2633 472 2684 et
486 2621 611 2707 conjux,
626 2619 783 2704 quondam
798 2635 850 2684 tua
865 2619 962 2700 dicta,
971 2620 1154 2706 relinquor?

295 2721 389 2788 Talia
403 2723 590 2802 vocisci'ans,
604 2724 720 2810 gemitu
734 2735 849 2786 tectum
864 2745 955 2788 omne
969 2721 1130 2808 replebat,

253 2825 356 2906 Quum
371 2825 506 2888 subitum
521 2824 668 2907 dictuque
682 2827 782 2886 oritur
796 2824 940 2889 mirabile
955 2839 1143 2890 monstrum:

253 2925 407 3010 Namque,
422 2944 530 2988 manus
545 2927 627 2988 inter
638 2937 878 3012 maestorumque
893 2949 950 2993 ora
964 2927 1138 3014 parentium,

253 3025 338 3090 Ecce
354 3024 432 3090 levis
446 3045 565 3088 summo
579 3023 620 3089 de
634 3029 753 3090 vertice
768 3031 853 3092 visus
868 3027 926 3093 liili

253 3127 398 3192 Fundere
413 3126 516 3191 lumen
528 3147 621 3213 apex,
636 3140 783 3214 tactuque
798 3134 926 3196 innoxia
941 3133 1050 3198 molles

253 3229 411 3294 Lambere
426 3227 549 3292 flamma
564 3250 679 3308 comae,
695 3243 726 3294 et
740 3235 858 3297 circum
875 3241 1143 3332 temporqpasci..

251 3331 317 3396 Nos
333 3329 439 3416 pavidi
454 3329 614 3416 trepidare
629 3345 722 3412 metu,
737 3334 917 3419 crinemque
934 3337 1116 3424 flagrantem

251 3433 421 3512 Excutere,
435 3447 465 3496 et
480 3445 603 3498 sanctos
618 3437 810 3520 restinguere
825 3437 959 3502 sontibus
974 3443 1072 3524 ignes.

252 3539 293 3600 At
307 3549 398 3621 pater
412 3535 567 3600 Anchises
581 3535 688 3600 oculos
704 3537 745 3602 ad
759 3539 865 3604 sidera
880 3539 967 3606 latus

251 3637 382 3720 Extulit,
397 3651 428 3703 et
442 3637 523 3702 coelo
537 3637 659 3724 palmas
673 3663 744 3704 cum
759 3663 837 3706 voco
853 3642 1010 3716 tetendit..

250 3743 272 3808 J
273 3743 373 3829 upitor
385 3743 589 3828 omnipotens,
604 3745 751 3828 precibus
765 3749 793 3810 si
808 3746 942 3810 flecteris
956 3747 1038 3830 ullis,

252 3846 391 3930 Adspice
403 3867 477 3924 nos3
499 3846 559 3910 hoc
576 3845 711 3912 tantum:
734 3861 774 3926 et,
789 3850 815 3912 si
829 3851 945 3934 pietate
960 3873 1124 3934 meremur,

250 3953 304 4018 Da
318 3951 432 4016 deinde
447 3951 605 4034 auxilium,
620 3969 721 4040 pater,
735 3968 829 4038 atque
844 3955 913 4020 haec
927 3961 1033 4023 omina
1049 3958 1148 4022 firma·

294 4055 361 4122 Vix
376 4075 415 4120 ea
429 4055 511 4120 fatus
526 4069 596 4122 erat
609 4058 724 4138 senior,
739 4057 904 4144 subitoque
920 4061 1044 4148 fragore
