2772 4998
449 919 819 1054 muamus

467 1239 603 1304 LIBER
628 1240 788 1306 NONUS.

136 1465 238 1535 Areus
253 1485 293 1528 ea
307 1463 434 1530 diversd
447 1462 571 1550 penitius
585 1463 660 1528 dum
675 1479 766 1550 parte
780 1477 939 1552 geruntur,

135 1563 201 1629 lrim
215 1565 256 1630 de
273 1567 355 1630 coelo
370 1568 453 1632 misit
467 1566 612 1631 Saturnia
625 1567 647 1629 J
649 1589 709 1631 uno

133 1667 290 1732 Audacem
306 1668 347 1732 ad
362 1668 513 1733 Turnum.
557 1668 646 1732 Luco
662 1681 726 1732 tum
742 1668 824 1733 sorte
838 1671 978 1754 parentis

134 1768 260 1836 Pilumni
276 1772 403 1836 Turnus
418 1771 543 1837 sacratai
557 1771 641 1837 valle
655 1771 799 1837 sedebat.

131 1872 176 1936 Ad
191 1884 286 1960 quem
301 1878 348 1940 sic
362 1897 456 1940 roseo
470 1875 695 1940 Thaumantias
709 1897 765 1940 ore
780 1873 885 1940 locuta
899 1889 966 1942 est:
1138 1885 1169 1952 *5

167 1975 286 2057 Turne,
300 1977 385 2062 quod
399 1978 520 2064 optanti
534 1976 642 2042 divum
656 1981 840 2064 promittere
854 2000 947 2042 nemo

129 2079 275 2162 luderet,
290 2081 446 2146 volvenda
460 2079 529 2145 dies
545 2103 584 2146 en
599 2079 700 2146 attulit
714 2080 814 2146 ultro:

128 2179 250 2266 AEneas,
265 2185 357 2264 urhe,
372 2197 402 2248 et
417 2186 523 2264 sociis
538 2197 569 2248 et
583 2183 686 2248 classe
701 2183 822 2265 relicffi,

127 2281 251 2370 Sceptra
270 2285 406 2352 Palatini
421 2285 591 2372 sedemque
606 2288 685 2371 petit
699 2285 853 2351 Evandri.

127 2385 190 2452 Nec
204 2391 303 2454 satis:
326 2401 484 2456 extremas
499 2387 636 2475 Corythi
649 2389 827 2474 penetravit
841 2387 883 2454 ad
897 2391 1011 2473 urbes3
1130 2401 1168 2458 10
1256 2415 1260 2422 ’

125 2487 351 2579 Lydorumque
365 2515 501 2573 manum,
516 2491 666 2558 collectos
681 2505 783 2557 armat
797 2507 947 2580 agrestes.
1044 2537 1048 2550 ·

124 2593 203 2676 Quid
218 2595 371 2662 dubitas?
392 2618 474 2661 nunc
488 2608 610 2680 tempus
626 2615 734 2679 equos,
749 2617 831 2672 nunc
844 2617 979 2682 poscere
993 2618 1123 2664 currus:

124 2695 242 2786 Rumpe
257 2723 367 2765 moras
381 2721 510 2778 omnes;
532 2713 563 2763 et
577 2698 703 2766 turbata
718 2699 823 2785 arripe
837 2715 952 2766 castra.

158 2797 268 2885 Dixit;
295 2817 326 2868 et
340 2803 372 2867 in
385 2802 502 2868 coelum
515 2802 647 2887 paribus
662 2823 697 2866 se
711 2801 832 2866 sustulit
847 2802 925 2884 alis;

121 2903 343 2992 lugentemque
358 2905 431 2993 fugi
445 2909 545 2970 secuit
559 2905 618 2969 sub
633 2893 769 2970 nubibus
788 2927 908 2972 arcum.
1129 2917 1166 2975 15

120 3009 250 3095 Agnovit
261 3011 401 3098 juvenis,
416 3007 622 3095 duplicesque
636 3008 678 3072 ad
693 3007 799 3074 sidera
814 3009 936 3097 palmas

119 3111 252 3193 Sustulit,
268 3125 305 3178 et
320 3112 374 3177 tali
388 3112 557 3199 lugientem
572 3124 619 3175 est
633 3133 711 3176 voce
726 3126 868 3178 secutus:

116 3212 163 3294 lri,
177 3215 280 3283 decus
297 3217 382 3297 eceli,
397 3217 466 3302 quis
481 3231 511 3280 te
526 3215 604 3280 milui
619 3215 753 3282 nubibus
768 3230 883 3302 actam¹

116 3315 233 3386 Detulit
249 3325 283 3386 in
304 3323 428 3384 terras?
449 3317 532 3383 unde
548 3317 616 3382 haec
633 3331 695 3383 tam
710 3319 799 3384 clara
813 3323 943 3405 repente

108 3417 330 3522 [l‘empestale
352 3421 488 3486 medium
503 3421 598 3486 video
611 3420 779 3488 discedere
794 3423 919 3504 coelum,
1124 3436 1165 3494 90

115 3521 329 3614 Palantesque
343 3524 417 3614 polo
431 3525 553 3591 stellas:
576 3546 692 3610 sequor
706 3527 810 3592 omina
824 3540 920 3608 tanta,

110 3625 262 3716 Qiisquis
278 3635 315 3696 in
331 3651 420 3694 arma
433 3651 540 3696 vocas.
566 3625 567 3630 ’
586 3629 627 3693 Et
641 3629 686 3693 sic
702 3627 811 3694 effatus
826 3629 868 3694 ad
882 3629 999 3696 undam

112 3729 282 3815 Processit,
297 3755 482 3818 summoque
498 3731 599 3796 hausit
613 3729 654 3812 de
669 3735 790 3818 gurgite
805 3729 962 3818 lymphas,

110 3835 209 3902 Multa
224 3837 310 3903 deos
325 3858 439 3916 orans3
459 3835 664 3919 oneraiitque
678 3833 798 3900 aethera
812 3835 904 3900 votis·

147 3939 293 4027 Jamque
310 3939 411 4004 omnis
425 3941 546 4025 campis
561 3940 720 4004 exercitus
741 3937 807 4004 ibat
821 3939 947 4025 apertis,
1122 3951 1163 4010 25

67 4109 71 4117 ,
107 4039 205 4108 Dives
220 4044 355 4130 equilm,
370 4041 459 4108 dives
473 4043 572 4128 pictai
586 4044 681 4106 vestis
696 4053 727 4104 et
741 4041 820 4106 auri.

107 4141 278 4234 Messapus
294 4145 414 4231 primas
429 4147 526 4224 acics,
540 4157 698 4228 postrema
712 4147 862 4212 coirceut

378 4255 418 4312 37
