2772 4998
492 458 609 521 Lissa
628 463 679 523 Xl.

90 609 234 693 suscitat,
249 625 280 677 et
295 613 424 679 stimulis
439 609 524 680 haud
539 614 686 682 mollibus
699 619 797 705 injicit
811 623 886 686 iras.

89 721 174 806 Ergo
187 719 387 783 intercades
400 718 609 804 cedentiaque
625 725 750 808 agmina
763 723 892 792 Tarcho

89 829 202 894 Fertur
217 849 308 912 equo,
321 830 482 912 variisque
496 829 620 916 instigat
634 831 765 895 vocibus
777 829 854 912 alas,
1068 839 1131 898 730

88 931 222 996 Nomine
237 951 393 1017 quemque
408 949 544 1010 vocans3
565 933 775 1019 reficitquein
789 931 903 1018 proelia
916 933 1041 1019 pulsosr

87 1033 165 1116 Quis
180 1047 289 1114 metus,
303 1055 324 1096 o
338 1053 496 1117 nunquam
510 1031 647 1114 dolituri,
661 1055 681 1097 o
695 1053 820 1121 semper
834 1035 949 1100 inertes

88 1135 261 1224 Tyrrheni,
277 1157 347 1222 quae
363 1149 449 1200 tanta
464 1138 575 1200 animis
590 1137 715 1222 ignavia
729 1141 839 1203 venit?
928 1127 930 1136 ¹

89 1237 231 1303 Foemina
245 1237 388 1324 palantes
404 1238 477 1325 agit,
492 1251 585 1322 atque
601 1238 669 1302 haec
685 1243 810 1326 agmina
826 1240 932 1304 vertit.

88 1339 159 1422 Qud
174 1341 315 1404 sermm?
336 1339 451 1424 quidve
467 1338 535 1404 haec
550 1341 684 1427 gerimus
701 1340 763 1406 tela
778 1343 868 1406 irrita
882 1339 1025 1406 dextris?
1069 1345 1131 1404 'tau

87 1444 128 1505 llt
142 1464 204 1507 non
220 1443 250 1506 in
266 1443 427 1508 Venerem
442 1461 554 1528 segnes
567 1453 783 1528 nocturnaque
797 1443 893 1524 bella,

87 1546 157 1623 hut,
171 1544 227 1608 ubi
241 1566 339 1609 curva
353 1545 468 1610 choros
483 1543 597 1610 indixit
611 1547 690 1610 tibia
706 1545 838 1629 Bacchi,

87 1646 282 1732 Exspectare
296 1647 396 1734 dapes
410 1661 442 1712 et
455 1646 557 1732 plenae
574 1647 687 1734 pocula
701 1669 827 1713 mensae.

87 1748 150 1814 Hic
166 1771 266 1830 amor,
286 1749 346 1814 hoc
361 1749 506 1831 studium,
520 1749 594 1814 dum
608 1771 700 1816 sacra
714 1750 870 1815 secundus
884 1749 1043 1838 haruspex

87 1851 223 1932 Nuntiet,
239 1875 276 1918 ac
292 1853 379 1918 lucos
393 1867 485 1918 vocet
499 1853 605 1937 hostis
618 1855 739 1942 pinguis
753 1858 786 1920 in
801 1855 892 1920 altos.
1065 1860 1127 1919 740

127 1957 211 2021 Haec
226 1956 347 2035 effatus,
360 1977 476 2041 equum
490 1957 522 2022 in
536 1957 667 2038 medios,
681 1959 848 2024 moriturus
862 1971 894 2024 et
908 1958 986 2044 ipse,

87 2057 240 2140 eoncitat,
255 2073 286 2124 et
301 2059 428 2125 Venulo
441 2059 609 2126 adversum
624 2081 658 2125 ae
673 2059 816 2126 turbidus
829 2061 940 2126 inferta

84 2159 320 2248 Dereptumque
336 2163 379 2226 ab
393 2183 474 2247 equo
487 2161 601 2228 dextri
615 2163 834 2248 complectitur
847 2163 978 2244 hostem,

85 2261 122 2328 Et
135 2269 290 2352 grermum
303 2277 374 2328 ante
389 2283 478 2328 suum
492 2263 588 2330 multi
602 2268 634 2329 vi
648 2265 789 2331 concitus
804 2265 917 2331 aufert.

83 2365 264 2432 Tolliturin
279 2365 393 2432 coelum
406 2365 536 2446 clamor,
548 2369 717 2450 cunctique
731 2365 838 2430 Latini
1062 2373 1123 2432 745

83 2467 278 2536 Convertere
293 2469 420 2542 oculos:
442 2469 528 2535 volat
541 2469 649 2557 igneus
664 2487 791 2554 aequore
805 2466 944 2548 Tarcho,

83 2575 178 2640 Arma
193 2574 357 2659 virumque
371 2575 493 2638 ferens:
515 2585 580 2638 tum
595 2572 714 2637 summi
729 2573 825 2657 ipsius
840 2572 883 2636 ab
899 2571 989 2638 nasu

81 2672 238 2764 Dehingit
252 2677 378 2757 ferrum,
388 2688 424 2760 „et
439 2687 546 2762 partes
560 2675 690 2740 riuaatur
704 2686 858 2778 apertae]
897 2667 901 2674 “

82 2780 150 2862 Qua
166 2781 281 2846 vulnus
296 2779 389 2845 letale
404 2781 497 2845 serat.
541 2777 661 2844 Conna
675 2776 728 2842 ille
742 2793 919 2864 repugnans

81 2881 217 2950 Sustinet
232 2904 251 2946 a
261 2881 371 2970 jugulo
385 2881 539 2961 dextram,
553 2893 585 2946 et
598 2884 663 2946 vim
676 2879 796 2946 viribus
812 2878 887 2944 exit.
904 2904 917 2942 s
1061 2882 1122 2943 rto

82 2981 185 3071 thue
202 2984 314 3049 volans
329 2984 392 3050 alte
406 2996 532 3069 rapmm
547 3003 642 3067 Qum
657 2981 743 3048 fulva
756 2981 927 3048 moenem

80 3086 152 3153 Fert
167 3089 286 3173 aquila,
300 3088 515 3174 implicuitque
528 3086 636 3172 pedes,
651 3097 746 3170 atque
759 3087 914 3174 unguibus
928 3083 1036 3165 haeait3

79 3191 209 3258 Saucius
224 3205 256 3256 at
270 3213 400 3277 serpens
414 3191 539 3256 sinuosa
553 3188 709 3254 uolumina
723 3200 838 3269 versat,

79 3295 285 3376 Arrectisque
300 3293 408 3376 horret
421 3297 570 3380 squamis,
584 3307 616 3358 et
629 3291 735 3358 sibilat
748 3313 813 3372 ore,

76 3399 204 3466 Arduus
220 3401 401 3486 insurgens,
423 3397 476 3464 illa
490 3395 575 3464 hand
590 3394 690 3462 minda
704 3409 793 3482 urget
807 3393 931 3460 obunco
1058 3399 1119 3458 ⁷55

75 3500 263 3569 Luctantem
279 3515 402 3582 rostr03
414 3500 514 3566 simul
529 3499 649 3566 aethera
664 3499 811 3564 verberat
826 3495 900 3560 alis:

77 3602 174 3671 Haud
191 3605 286 3670 aliter
300 3603 438 3691 prauam
453 3603 623 3668 Tiburtum
637 3623 678 3667 ex
693 3601 815 3688 agmine
830 3597 958 3664 Tarcho

75 3703 183 3771 Portat
199 3727 319 3786 ovans3
340 3705 433 3770 ducis
446 3704 624 3791 exemplum
639 3717 845 3786 eventumque
860 3703 958 3782 secuti

73 3805 243 3874 Maeonidae
259 3810 431 3874 incmnmt.
476 3807 558 3872 Tum
573 3805 643 3871 latia
658 3803 782 3869 debitus
797 3805 916 3868 Arruns
1022 3883 1028 3891 .

72 3909 232 3978 Velocem
242 3911 355 4000 Jaottlo
367 3923 400 3976 et
414 3910 510 3976 multi
524 3912 613 3996 prior
627 3919 695 3973 arte
709 3905 878 3972 Camillam
1058 3911 1119 3972 700

72 4009 210 4096 Circuit,
225 4028 257 4079 et
272 4035 343 4101 quae
357 4018 398 4078 sit
412 4015 537 4079 fortuna
551 4009 702 4076 facillima
717 4021 824 4076 tentat.

69 4115 141 4196 Qua
155 4141 195 4184 se
210 4139 348 4206 cumque
362 4117 469 4184 haene
482 4115 587 4184 medio
601 4115 670 4182 tulit
683 4114 806 4203 agmitte
819 4113 916 4200 virga

379 4226 420 4285 46
