2648 5288
536 804 654 867 moult
672 806 721 869 111.
1110 820 1167 879 163

97 957 196 1029 Fert
207 957 382 1046 picturatas
395 957 465 1021 auri
478 957 650 1024 subtemine
664 971 778 1042 vestes,

103 1058 161 1131 Et
176 1059 352 1149 Phrygiam
365 1060 504 1125 Ascanio
517 1059 740 1147 chlamydem
760 1084 820 1129 nec
833 1062 920 1131 cedit
933 1064 1064 1135 honori:

99 1162 363 1249 'senilibusque
375 1176 487 1231 onerat
499 1162 600 1247 donis,
614 1187 654 1231 ac
669 1165 744 1232 talia
758 1168 861 1234 fatur:

109 1268 242 1357 Accipe
256 1280 288 1334 et
302 1267 382 1349 hac,
395 1290 542 1335 manuum
557 1270 614 1335 tibi
628 1291 698 1355 qua
713 1286 911 1339 monumenta
924 1295 1065 1343 mearum

116 1370 200 1453 Sint,
213 1394 304 1459 puer,
318 1384 349 1439 et
363 1370 487 1459 longum
501 1372 734 1439 Andromacha
748 1387 898 1442 testentur
912 1399 1061 1460 amorem,

121 1472 274 1563 Conjugis
288 1476 470 1542 Hectorem.
514 1476 606 1565 Cape
620 1477 704 1543 dona
717 1493 860 1546 extrema
872 1493 1007 1565 tuorum,

122 1576 158 1643 0
169 1580 244 1646 mihi
257 1581 325 1647 sola
339 1581 400 1647 mei
415 1603 509 1667 super
523 1584 726 1669 Astyanactis
740 1585 859 1672 imago!

130 1680 307 1766 Sieoculos,
320 1689 368 1750 sic
382 1685 435 1750 ille
449 1708 568 1767 manus,
582 1687 628 1750 sic
643 1708 700 1751 ora
714 1688 857 1771 serebat3
1099 1698 1160 1757 490

137 1782 176 1849 Et
184 1808 260 1853 runc
273 1788 387 1873 aquali
403 1802 506 1853 tecum
520 1789 710 1873 pubesceret
723 1812 844 1871 aevom·

178 1888 239 1955 Hos
251 1912 310 1979 ego
323 1890 502 1979 digrediens
518 1892 667 1980 lacrymis
681 1892 803 1961 affabar
816 1897 956 1962 obortis:

148 1988 233 2058 Vinia
245 1994 362 2075 felices,
376 1995 491 2080 quibus
505 2008 552 2059 est
567 1997 691 2061 fortuna
704 2011 834 2084 peracta

153 2091 204 2159 iam
215 2118 358 2181 smpnos
371 2096 435 2163 alia
448 2120 489 2163 er
504 2098 575 2163 aliis
589 2099 621 2163 in
635 2100 701 2165 sata
715 2122 876 2167 vocamur.

155 2192 231 2263 Vobis
240 2214 329 2287 parta
342 2205 452 2286 quies3
473 2202 591 2267 nullum
605 2204 699 2267 maris
713 2212 821 2291 mquor
835 2203 1007 2287 arandum3
1095 2213 1157 2287 49⁵

157 2300 220 2365 itta
230 2324 324 2389 neque
339 2308 486 2371 Ausoniae
501 2328 625 2392 semper
638 2306 783 2374 cedentia
796 2324 882 2375 retro

158 2398 318 2483 torota:
340 2408 472 2495 effigiem
486 2408 615 2491 Xanthi,
629 2410 832 2498 Trojamque,
846 2411 970 2494 videtis,

158 2502 232 2586 Qun
242 2524 349 2577 vestrm
363 2511 469 2577 scodra
482 2535 602 2595 manus,
616 2512 805 2596 melioribus,
818 2529 904 2602 opto,

159 2606 288 2697 Auspiciis,
301 2628 333 2680 et
346 2617 523 2701 quaniuerit
537 2614 639 2681 mimis
651 2618 749 2682 obvia
762 2620 879 2684 Graiis.
1192 2687 1195 2693 ,

159 2708 294 2799 Siquando
308 2718 443 2806 Tybrim
456 2721 624 2806 vicinaque
638 2719 793 2807 Tybridis
809 2743 886 2787 arva
1095 2730 1157 2789 ⁵00

161 2809 253 2899 intrito,
265 2823 409 2909 gentique
423 2844 500 2888 meae
516 2822 592 2888 data
606 2826 719 2888 moeuia
735 2846 874 2905 cernam,
889 2868 893 2879 ·

160 2912 278 3005 &gulas
292 2926 387 2991 urbes
399 2926 484 3008 olim,
499 2927 692 3014 populosque
707 2928 909 3012 propinquos,

160 3017 237 3109 Epiro,
248 3030 414 3118 Hesperii,
427 3033 540 3117 quibus
555 3030 641 3097 idem
656 3029 825 3095 Dardanus
841 3043 959 3112 auctor,

158 3124 233 3212 Atque
243 3133 321 3205 idem
334 3156 437 3217 casus,
451 3158 543 3201 unam
557 3137 710 3200 faciemus
724 3147 891 3219 utramque

154 3224 251 3318 'stojau
264 3239 392 3305 animis:
414 3252 538 3303 mancat
552 3252 674 3303 nostros
688 3258 727 3301 ea
742 3259 819 3303 cura
833 3251 975 3325 nepotes.
1095 3248 1156 3306 505

189 3333 369 3409 Provehimur
383 3341 495 3429 pelago
509 3345 614 3407 vicina
629 3341 789 3406 Ceraunia
798 3342 900 3429 juxta,

154 3430 225 3505 Unde
236 3444 288 3510 iter
302 3444 434 3527 ltaliam,
447 3467 619 3531 cursusque
633 3445 836 3510 brevissimus
850 3445 956 3511 undis.

150 3536 192 3605 sot
203 3546 251 3611 mit
263 3549 389 3629 interea,
404 3563 434 3613 et
450 3562 568 3614 montes
583 3548 768 3613 umbrantur
781 3552 886 3632 opaci.

146 3642 293 3716 Stemimur
305 3666 421 3739 optata
435 3655 556 3739 gremio
569 3649 689 3715 telluris
704 3649 746 3713 ad
762 3648 888 3732 undam,

142 3747 231 3817 Sortiti
243 3777 352 3835 remos,
365 3756 544 3842 passimque
558 3757 590 3818 in
605 3752 708 3817 littore
723 3755 810 3815 sicco
1095 3762 1159 3821 510.

139 3851 266 3941 Corpora
278 3881 442 3924 curamus:
465 3860 563 3924 fessos
577 3880 672 3943 sopor
687 3861 797 3942 irrigat
811 3869 908 3920 artus.

133 3956 265 4027 Necdum
278 3964 389 4028 orbem
403 3962 541 4028 medium
555 3961 629 4025 Nox
644 3959 729 4025 horis
744 3972 816 4024 acta
830 3958 976 4023 subibat:

130 4062 224 4128 Haud
237 4070 337 4153 segnis
351 4078 449 4131 strato
463 4070 561 4153 surgit
577 4064 751 4143 Palinurus,
766 4077 797 4128 et
812 4084 920 4127 omnes

125 4166 272 4252 Explorat
285 4182 406 4250 ventos,
420 4182 515 4255 atque
529 4168 656 4234 auribus
670 4169 747 4232 aira
762 4177 889 4250 captat:

118 4268 234 4337 Sidera
246 4285 357 4338 cuncto
371 4286 458 4340 notat
472 4275 568 4338 tacito
583 4270 721 4336 labentia
735 4269 827 4350 coelo,
1091 4277 1153 4332 515

117 4378 296 4457 Arcurnrm,
308 4377 493 4463 pluviasque
508 4375 655 4463 Hyadas,
669 4375 869 4459 geminosque
887 4370 1027 4450 Triones

115 4484 346 4567 Armsttunquc
358 4503 436 4548 auro
448 4481 660 4567 circumspicit
673 4479 801 4544 Oriona.
