2772 4998
206 473 266 538 839
645 475 833 539 AENElDOS

249 629 414 713 Membra3
437 653 607 718 manusque
623 633 733 697 ambas
744 632 859 720 jaculis
874 635 1016 698 oneravit
1030 626 1139 712 acutis',

251 733 325 798 AEre
339 747 435 820 caput
449 734 578 820 fulgens,
593 735 749 819 cristisque
766 736 900 801 hirsutus
915 735 1039 818 equina.

251 841 304 905 Sic
318 846 443 906 cursum
458 842 488 906 in
503 841 622 906 medios
637 843 765 929 rapidus
780 839 878 909 dedit.
922 841 1047 908 AEstuat
1062 847 1170 932 ingens
1232 845 1293 906 870

251 943 317 1009 lmo
333 947 364 1009 in
379 943 475 1010 corde
489 941 601 1030 pudor,
615 949 774 1029 mixtoque
790 946 912 1010 insania
928 946 1021 1028 luctu,

251 1043 311 1130 [Et
326 1047 415 1112 iuriis
431 1051 561 1133 agitatus
577 1071 674 1129 amor,
689 1064 720 1114 et
734 1050 861 1114 conscia
876 1049 1003 1136 virtus]

251 1153 354 1234 Atque
370 1149 420 1214 hic
435 1147 558 1238 AErtean
575 1149 686 1237 magna
702 1165 749 1216 ter
765 1173 842 1216 voce
858 1153 993 1215 vocavit.

250 1249 370 1318 AEneas
385 1257 511 1340 agnovit
527 1257 617 1333 onim,
634 1253 963 1371 latusque-precatur:

252 1357 304 1420 Sic
320 1369 411 1442 pater
426 1355 477 1420 ille
492 1356 585 1421 defim
601 1357 706 1436 saciat,
721 1359 765 1421 sic
781 1357 860 1421 altus
876 1355 1000 1443 Apollo,

252 1457 387 1544 Incipias
402 1459 545 1523 conferre
560 1461 700 1523 manum!

251 1558 386 1624 Tantum
399 1541 517 1641 atialus,
533 1575 563 1625 et
578 1561 689 1626 infesta
703 1563 786 1626 subit
801 1560 911 1628 obvius
925 1559 1025 1626 hasta.

251 1663 306 1728 llle
322 1676 441 1728 autern:
464 1663 547 1744 Quid
562 1685 621 1744 me,
636 1677 753 1750 erepto,
768 1665 945 1746 saevissime,
960 1678 1042 1745 nato,

251 1763 388 1830 Terresl
410 1767 477 1830 haec
493 1767 544 1830 via
559 1765 626 1831 sola
639 1768 697 1831 fuit
712 1765 774 1852 qut
788 1768 922 1853 perdere
937 1789 1061 1854 posses:

214 1860 218 1872 ’
251 1865 318 1933 Nec
335 1883 464 1934 mortem
479 1869 649 1949 horremus,
665 1877 728 1934 nec'
738 1870 844 1934 divum
860 1872 1015 1956 parcimus
1030 1868 1095 1935 ulli.

247 1969 387 2034 Desine:
407 1972 473 2057 jam
488 1970 578 2034 venio
593 1971 767 2049 moriturus,
782 1984 813 2034 et
829 1971 897 2036 haec
913 1972 968 2036 tibi
982 1985 1073 2058 porto

249 2071 343 2136 Dona
358 2070 454 2158 priris.
498 2071 598 2150 Dixit,
614 2071 771 2156 telumque
786 2075 906 2138 intorsit
920 2073 951 2137 in
967 2073 1104 2138 hostem:

251 2173 326 2239 lnde
342 2173 425 2238 aliud
440 2175 645 2261 superatque
660 2174 745 2238 aliud
761 2176 898 2262 figitque,
913 2176 1059 2261 volatque

250 2278 369 2363 ingenti
384 2298 484 2364 gyro3
507 2275 561 2341 sod
578 2279 707 2341 sustinet
723 2299 834 2342 aureus
850 2279 955 2344 umbo.

249 2379 315 2445 Ter
328 2381 446 2446 circum
462 2381 636 2447 adstantem
651 2380 744 2446 laevos
761 2386 914 2466 equitavit
927 2387 959 2448 in
973 2383 1076 2462 orbes,

141 2561 151 2576 ,
249 2483 329 2548 Tola
343 2507 435 2550 aranu
445 2485 589 2572 jaciens3
612 2499 659 2549 ter
674 2507 780 2550 secum
795 2485 909 2550 Troius
924 2485 1017 2550 heros

248 2587 418 2654 Immanem
433 2601 529 2653 arrato
544 2589 722 2652 circumfert
737 2589 870 2674 tegmine
886 2588 1007 2652 silvam.

249 2689 324 2754 lnde
340 2691 394 2755 ubi
408 2703 452 2755 tot
467 2691 600 2755 traxisse
615 2711 729 2769 moras,
745 2689 921 2776 totspicula
936 2689 1031 2754 toedet

248 2793 388 2875 Vellere,
403 2809 434 2858 et
448 2809 573 2882 urgetur
588 2793 691 2880 pugni
705 2815 888 2879 congressus
903 2794 1029 2878 iniqua3

248 2896 348 2961 Multa
362 2917 489 2960 movens
504 2899 617 2975 animo,
626 2897 694 2982 jam
710 2894 835 2960 tandem
850 2899 995 2981 erumpit,
1012 2909 1043 2960 et
1057 2895 1138 2960 inter

247 2999 412 3066 Bellatoris
428 3004 500 3084 equi
515 3021 596 3064 cava
611 3015 752 3087 tempora
766 3002 892 3088 conjicit
908 3001 1041 3066 hastam.

247 3102 344 3166 Tollit
358 3125 391 3168 se
407 3116 562 3167 arrectum
577 3103 767 3190 quadrupes,
782 3115 813 3167 et
827 3103 969 3169 calcibus
985 3124 1078 3168 auras

247 3201 407 3268 Verberat
409 3202 623 3288 ‚effusumque
638 3208 775 3288 equitem
790 3205 885 3290 supbr
899 3209 966 3292 ipse
982 3219 1106 3271 secutus

244 3303 400 3390 Implicat,
415 3306 577 3394 ejectoque
593 3307 742 3372 incumbit
756 3327 889 3371 cernuus
905 3328 1003 3371 armo.

289 3407 437 3473 Clamore
450 3407 620 3474 incendunt
634 3409 747 3474 coelum
761 3409 927 3495 Troesque
942 3409 1120 3510 Latinique.

245 3499 384 3575 n'dvotat
398 3510 522 3591 AEneas,
537 3511 711 3597 vaginaque
728 3513 819 3599 eripit
834 3534 957 3594 ensem3

246 3613 287 3678 Et
302 3635 396 3700 super
411 3613 499 3679 haec.
524 3613 590 3678 Ubi
605 3637 685 3680 nunc
702 3616 878 3680 Mezentius
893 3637 978 3696 acer,
993 3627 1024 3680 et
1038 3615 1094 3680 illa

245 3715 351 3781 Effera
365 3717 412 3780 vis
427 3717 544 3782 animi?
566 3716 684 3782 Contra
699 3718 895 3805 Tyrrhenus,
908 3731 943 3782 ut
957 3739 1050 3783 auras

245 3817 424 3903 Suspiciens
440 3818 542 3882 bausit
556 3818 679 3899 coelum,
693 3831 890 3905 mentemque
904 3821 1025 3904 recepit
1040 3839 1049 3880 ι

244 3917 356 3983 Hostis
369 3941 488 3998 amare,
504 3919 579 4005 quid
594 3921 773 4007 increpitas,
788 3934 982 4006 mortemque
997 3919 1148 3985 minaris?
1229 3927 1302 3988 900

245 4019 372 4084 Nullum
388 4024 419 4085 in
432 4020 523 4085 caede
538 4021 645 4086 nefas:
669 4043 726 4086 neo
743 4025 788 4086 sic
804 4021 846 4088 ad
860 4021 974 4108 proelia
988 4022 1070 4102 veni,

245 4121 313 4197 Nec
328 4135 430 4194 tecum
445 4145 532 4188 meus
547 4123 613 4188 haec
627 4126 747 4209 pepigit
761 4123 839 4190 mihi
853 4123 975 4189 foedera
989 4121 1124 4188 Lausus.
