2772 4998
529 489 645 552 LIBER
665 493 701 553 X.

125 649 287 734 Sangminei
301 645 434 734 lugubri
447 646 571 729 rubent,
585 663 637 713 aut
653 648 749 714 Sirius
764 647 876 730 ardor3

124 749 183 830 ille,
197 754 280 816 sitim
295 751 482 836 morbosque
497 751 600 816 serens
615 750 796 816 mortalibus
812 752 914 838 aegris,

124 853 272 934 Nascitur,
287 867 318 918 et
332 854 412 919 laevo
426 855 587 918 contristet
602 854 717 919 lumine
731 855 856 920 coelum.
1089 857 1151 915 275

161 955 258 1022 Haud
270 969 372 1022 tamen
387 955 500 1021 audaci
515 957 623 1022 Turno
635 957 751 1022 fiducia
764 962 859 1024 cessit

123 1057 238 1123 Littora
253 1060 436 1146 praecipere,
452 1071 484 1124 et
494 1059 652 1124 venientes
667 1059 786 1145 pellere
803 1057 897 1126 tent.

122 1157 230 1242 [Ultro
243 1162 361 1227 animos
375 1159 455 1225 tollit
469 1159 569 1240 dictis,
585 1173 679 1246 atque
694 1163 835 1248 increpat
846 1161 927 1228 ultro
938 1162 968 1247 s]

122 1261 209 1343 Quod
224 1265 304 1327 votis
318 1261 458 1347 optdstis,
472 1261 570 1342 adest,
584 1263 778 1349 perfringere
794 1255 924 1342 dextris,

122 1362 308 1428 inmanibus
324 1363 411 1428 Mars
426 1365 501 1449 ipse,
516 1363 595 1428 viri:
618 1385 699 1428 nunc
715 1365 856 1452 conjugis
870 1378 938 1429 esto
1090 1369 1152 1428 980

122 1464 258 1552 Quisque
272 1487 335 1530 suae
352 1467 486 1551 tectique
499 1485 637 1529 memor:
660 1487 740 1530 nunc
756 1487 868 1554 magna
882 1467 998 1531 referto

122 1567 226 1651 Facta,
241 1585 363 1656 pauum
378 1570 505 1636 laudes:
527 1569 608 1635 ultro
622 1592 821 1638 occupamus
836 1572 878 1638 ad
894 1571 1018 1653 undam,

121 1667 199 1736 Dum
214 1672 338 1758 trepidi,
353 1677 533 1761 egressique
547 1671 655 1739 labant
668 1676 797 1761 vestigia
812 1675 924 1761 prima.

121 1773 278 1840 Audentes
295 1777 418 1841 fortuna
428 1778 530 1864 juvat.

120 1874 198 1941 Haec
214 1881 280 1958 ait3
301 1890 332 1942 et
345 1899 452 1943 secum
466 1889 582 1959 versat,
596 1899 673 1964 quos
688 1879 805 1945 ducere
819 1881 937 1961 contri,
1089 1885 1151 1943 985

121 1974 181 2042 Vel
194 1979 309 2064 quihus
321 1979 466 2044 obsessos
479 1983 577 2065 possit
592 1980 785 2046 concredere
799 2003 915 2046 muros.

161 2080 285 2146 interea
300 2079 415 2146 Encas
429 2082 530 2146 socios
544 2081 586 2147 de
599 2085 756 2170 puppibus
772 2084 843 2149 altis

122 2180 266 2247 Pontibus
281 2183 419 2270 exponit.
463 2182 556 2249 Multi
571 2205 700 2250 servare
712 2169 860 2252 recursus

121 2281 309 2370 Languentis
323 2283 436 2371 pelagi,
449 2285 643 2369 ethrevibus
658 2308 692 2352 se
707 2286 839 2352 credere
855 2284 956 2366 saltu;

120 2383 179 2449 Per
190 2407 296 2452 remos
310 2385 376 2452 alii.
420 2387 604 2473 Speculatus
618 2353 723 2454 ittora
737 2388 876 2468 Tarcho,
1089 2394 1152 2453 990

119 2484 185 2567 Qus
199 2489 287 2556 vada
301 2511 362 2555 non
377 2491 506 2576 spirant,
520 2511 580 2555 nec
594 2492 696 2556 tracta
710 2503 918 2556 remurmurat
931 2488 1026 2572 unda,

120 2589 179 2655 Sed
193 2613 284 2658 mare
299 2589 479 2658 inoffensum
493 2597 649 2658 crescenti
665 2593 813 2658 allabitur
827 2605 915 2674 aestn,

118 2693 264 2760 Advertit
278 2693 381 2758 subitd
395 2715 516 2782 proras,
531 2697 695 2780 sociosque
709 2707 876 2782 precatur:

119 2799 216 2884 Nunc,
231 2827 254 2870 o
269 2803 352 2868 lecta
365 2823 484 2884 manus,
498 2802 612 2868 validis
626 2803 797 2868 incumbite
812 2805 928 2883 remis3

114 2905 241 2988 Tollite,
259 2908 338 2970 ferte
352 2919 454 2986 rates3
476 2906 633 2970 inimicam
648 2904 754 2971 findite
769 2904 877 2969 rostris
1092 2907 1152 2967 995

118 3008 210 3076 Hauc
225 3024 357 3091 terram,
370 3009 552 3095 sulcumque
568 3011 629 3074 sibi
643 3023 766 3095 premat
780 3014 849 3097 ipsa
863 3009 983 3076 carina.

117 3109 281 3201 Frangere
295 3131 354 3176 nec
369 3111 423 3176 tali
437 3112 566 3198 puppim
581 3113 710 3177 statione
721 3133 843 3193 recuso,

115 3215 251 3303 Arreptei
270 3213 380 3280 tellure
394 3215 502 3280 semel.
545 3216 625 3298 Quae
639 3216 714 3280 talia
728 3228 894 3302 postquam

116 3317 235 3386 Efferus
250 3316 392 3398 Tarcho,
407 3318 484 3382 socii
498 3337 686 3404 consurgere
701 3320 807 3396 tonsis,

115 3421 368 3507 spumantesque
382 3433 466 3486 rates
481 3421 565 3485 ervis
578 3421 695 3485 inferre
710 3419 849 3499 Latinis3
981 3467 984 3476 ,
1091 3423 1152 3481 300

115 3521 225 3589 Donec
241 3535 349 3588 rostra
363 3534 469 3587 tenent
483 3523 610 3602 siccum,
624 3533 655 3585 et
669 3519 781 3586 sedere
794 3520 910 3585 carinae

113 3622 231 3692 Omnes
246 3630 413 3691 innocue:
435 3622 491 3688 sed
506 3645 566 3688 non
581 3625 695 3708 puppis
710 3633 772 3702 tua,
786 3619 932 3702 Tarch03

116 3725 264 3814 Namque
281 3725 400 3791 inflicta
414 3724 504 3792 vedis
517 3723 611 3789 dorso
626 3722 699 3788 dum
714 3721 830 3808 pendet
844 3725 962 3808 iniquo,

114 3829 254 3916 Anceps,
270 3839 443 3893 sustentata
457 3826 520 3910 diu,
534 3827 706 3910 fluctusque
720 3825 839 3911 fatigat,

114 3928 267 4010 Solvitur,
282 3925 914 4012 atquerirosmediisexponitinundis3
1093 3933 1153 3994 305

112 4031 291 4120 Fragmina
304 4051 554 4116 remorumquos
569 4043 600 4095 et
614 4030 764 4094 fluitantia
778 4041 913 4094 mansue

113 4133 307 4222 Impediunt,
321 4133 516 4220 retrahique
528 4133 643 4220 pedem
657 4131 747 4198 simul
760 4131 845 4198 unda
860 4129 1016 4198 relabens.

501 4243 541 4306 41
