2772 4998
578 461 697 552 ¹nrrstttt
715 463 751 524 x.
889 413 891 419 Ι
1127 467 1186 532 aas

156 619 223 686 Hic
238 630 356 686 mactat
370 615 513 698 Ladona,
528 616 731 700 Pheretaque,
745 612 1038 702 Demodocumque:

156 719 337 809 Strymonio
350 719 496 786 dextram
510 717 637 806 fulgenti
652 718 767 804 deripit
781 740 854 784 ense

156 823 282 890 Eletam
297 826 330 888 in
339 821 501 910 jugulum:
521 841 601 888 saxo
614 821 686 886 ferit
699 843 756 886 nra
770 821 931 902 Thoantis,

157 930 302 1014 Ossaque
316 927 462 1014 dispersit
475 926 608 1024 cerebro
623 925 775 1012 permixta
790 940 928 992 cruento.

157 1031 239 1097 Fata
253 1051 370 1097 canens
384 1029 470 1096 silvis
484 1030 603 1116 genitor
616 1029 736 1094 celarat
750 1029 925 1096 Halesum:
976 1067 979 1076 ,

158 1131 203 1197 Ut
217 1135 323 1198 senior
336 1132 398 1198 leto
411 1136 557 1198 canentia
571 1132 686 1196 lumina
700 1130 801 1213 solvit,

160 1233 302 1321 injecere
316 1255 441 1300 manum
456 1234 574 1315 Parce,
588 1234 718 1320 telisque
732 1234 895 1302 sacrbrunt

160 1335 323 1417 Evandri:
344 1323 437 1422 quem
451 1337 495 1402 sic
512 1335 614 1402 Pallas
627 1340 714 1422 petit,
728 1338 800 1402 ante
814 1351 978 1425 precatus:

158 1439 213 1506 Da
227 1462 320 1521 nunc,
334 1440 439 1527 Tybri
452 1454 553 1526 pater,
567 1441 661 1521 serro,
675 1439 759 1526 quod
772 1441 888 1506 missile
903 1441 993 1522 libro,

160 1544 331 1610 Fortunam
344 1557 438 1630 atque
452 1545 536 1610 viam
548 1543 620 1608 duri
633 1565 692 1629 per
705 1557 813 1629 pectus
828 1542 957 1610 Halesi:

162 1647 245 1710 Haec
260 1667 348 1710 arma
363 1649 554 1730 exuviasque
567 1649 629 1712 viri
645 1657 697 1710 tua
711 1667 843 1730 quercus
857 1645 997 1712 babebit.

162 1747 272 1813 Audiit
286 1746 340 1836 illa
353 1746 448 1812 deus:
470 1747 545 1813 dum
558 1747 635 1812 texit
649 1747 775 1812 Imaona
789 1747 936 1829 Halesus,

162 1850 304 1916 Arcadio
317 1849 425 1916 infelix
438 1850 501 1915 telo
515 1850 569 1916 dat
581 1863 690 1936 pectus
703 1852 865 1916 inermum.

207 1956 250 2018 At
262 1974 324 2018 non
339 1951 427 2017 caede
440 1955 502 2018 viri
516 1952 600 2017 tanta
613 1954 779 2039 perterrita
792 1952 924 2034 Lausus,

164 2056 244 2121 Pars
257 2059 367 2141 ingens
383 2053 465 2135 belli,
479 2058 552 2120 sinit
565 2055 697 2141 agmina.
741 2054 861 2119 Primus
874 2055 1029 2120 Abantem

163 2159 350 2246 Oppositum
364 2157 519 2237 interimit,
532 2179 641 2246 pugne
655 2157 830 2245 nodumque
844 2179 1034 2244 moramque.

165 2263 322 2328 Sternitur
336 2260 483 2326 Arcadia
497 2261 621 2346 proles3
642 2273 816 2329 sternuntur
830 2262 972 2341 Etrusci3
1077 2323 1085 2336 ,

166 2363 210 2429 Et
223 2385 290 2443 ves,
303 2385 323 2426 o
337 2363 441 2428 Graiis
456 2363 620 2449 imperdita
634 2384 776 2450 corpora,
790 2364 917 2428 Teucri.
979 2429 981 2434 ,

166 2469 302 2554 Agmina
316 2477 501 2532 concurrunt
515 2465 708 2549 ducibusque
723 2479 755 2529 et
767 2466 886 2530 viribus
896 2465 1010 2551 equis:

166 2569 313 2634 Extremi
326 2567 499 2633 addensent
514 2571 618 2648 acies:
639 2589 696 2632 nec
711 2567 803 2632 turba
816 2566 933 2631 moveri

167 2669 252 2736 Tela
265 2691 434 2755 manusque
448 2670 530 2735 sinit.
559 2670 661 2734 ¹Hinc
676 2668 778 2734 Pallas
793 2670 884 2734 instat
899 2681 930 2734 et
942 2683 1039 2756 urget,
1164 2723 1166 2726 .

36 2795 40 2803 ·
168 2771 259 2836 Hinc
274 2770 381 2836 contri:
396 2772 526 2853 Lausus,
540 2793 597 2836 nec
611 2768 739 2836 multtim
753 2771 909 2857 discrepat
922 2785 1008 2854 etas,

167 2875 298 2962 Egregii
312 2873 428 2954 sormi:
450 2874 506 2940 sed
522 2875 608 2961 queis
622 2874 743 2940 fortuna
754 2875 882 2964 regirat
1026 2863 1036 2881 ’
1133 2885 1195 2946 436

167 2979 208 3044 in
224 2981 356 3063 patriam
370 2977 499 3044 reditus.
542 2979 627 3063 ipsos
641 2999 827 3044 concurrere
840 3001 950 3065 passus

168 3078 273 3150 Haud
288 3093 392 3144 tamen
406 3081 486 3146 inter
500 3095 534 3146 se
548 3084 650 3167 magni
664 3095 810 3169 regnator
824 3083 971 3170 Olympi:

168 3184 254 3250 Mox
267 3182 337 3247 illos
351 3205 407 3248 sua
421 3184 487 3248 fata
499 3195 624 3248 manent
637 3185 754 3271 majore
768 3185 827 3249 sub
842 3185 941 3256 hoste.

217 3286 340 3351 interea
354 3307 443 3351 soror
456 3285 538 3351 alma
551 3299 653 3352 monet
667 3307 848 3352 succturere
862 3287 967 3354 Lauso

168 3390 325 3469 Turnum,
340 3391 394 3473 qui
409 3388 529 3455 volucri
542 3409 634 3453 curru
649 3388 783 3456 medium
797 3403 882 3455 secet
896 3411 1017 3477 agmen.
1137 3403 1200 3462 440
1246 3439 1255 3452 ·

98 3507 102 3514 '
171 3491 222 3558 Ut
236 3489 316 3556 vidit
330 3493 448 3555 socios:
471 3491 608 3576 Tempus
622 3490 772 3556 desistere
786 3511 913 3578 pugnae:

171 3591 270 3659 Solus
284 3613 341 3679 ego
356 3592 388 3657 in
403 3589 544 3658 Pallanta
558 3594 661 3674 feror:
682 3593 741 3658 soli
754 3591 830 3658 mihi
845 3591 948 3658 Pallas

169 3697 342 3762 Debetur:
365 3715 513 3783 cuperem
526 3696 593 3782 ipse
606 3717 720 3782 parens
733 3707 891 3782 spectator
904 3693 1037 3762 adesset.
1078 3747 1082 3753 .

171 3797 263 3864 Hoec
277 3798 341 3876 ait,
361 3809 393 3862 et
406 3799 482 3864 socii
494 3812 654 3864 cessemnt
667 3818 792 3884 equore
801 3799 899 3885 jusso.

170 3903 221 3966 At
236 3897 387 3966 neutum
402 3901 550 3968 abscessu
558 3903 693 3990 juvenis,
706 3912 770 3966 tum
780 3902 867 3987 jussa
880 3901 1016 3988 superba
1144 3911 1211 3974 tto·

171 4001 324 4083 Miratus,
337 4015 440 4090 stupet
452 4004 484 4070 in
498 4004 615 4087 muno,
628 4023 803 4091 corpusque
820 4025 878 4090 per
891 4005 997 4092 ingens

172 4105 316 4176 Lumina
328 4105 436 4189 rclvit,
449 4107 578 4197 obitque
592 4111 674 4174 truci
688 4107 797 4195 procul
810 4111 914 4176 urnrria
926 4112 1013 4189 visu:
