2648 5288
508 806 627 868 LIBER
644 808 707 868 Vll.

98 963 166 1028 Sed
187 963 307 1034 senuna
321 961 389 1026 fuit.
432 961 540 1027 Tectis
555 961 606 1028 htc
622 964 746 1030 Turnus
762 969 793 1031 in
807 965 877 1033 altis

98 1065 179 1128 lam
197 1063 328 1130 mediam
341 1062 429 1151 nigri
442 1067 594 1151 carpebat
607 1080 698 1133 nocte
712 1070 858 1153 quietem.

101 1165 231 1233 Allecto
244 1182 364 1233 torvam
377 1171 492 1234 faciem
506 1182 538 1232 et
551 1169 676 1235 furialia
689 1172 830 1237 membra
1075 1189 1139 1246 415

103 1267 222 1337 Exuit:
241 1275 273 1336 in
288 1271 390 1336 vultus
403 1294 473 1336 sese
486 1273 684 1337 transformat
698 1273 807 1355 aniles,
875 1346 877 1353 ‚

104 1368 137 1434 Et
158 1375 292 1439 frontem
306 1374 486 1440 obscenam
500 1374 584 1460 rugis
597 1389 685 1440 arat:
707 1375 807 1441 induit
819 1377 910 1467 albos

105 1472 194 1544 Cum
207 1479 276 1543 vitta
290 1463 414 1543 crin'es:
436 1491 500 1542 tum
513 1499 633 1542 ramum
648 1479 775 1544 innectit
789 1479 891 1546 otivae.

105 1574 153 1641 Fit
172 1582 307 1669 Calybe,
320 1583 452 1646 lunonis
465 1603 542 1645 anus
555 1582 723 1667 templique
737 1583 905 1649 sacerdos:

106 1677 139 1744 Et
150 1684 264 1770 juveni
279 1699 350 1750 ante
364 1685 471 1749 oculos
486 1684 535 1749 his
550 1707 583 1748 se
597 1707 669 1749 cum
684 1685 813 1751 vocibus
826 1684 936 1752 offert:
1076 1697 1140 1756 490

142 1783 266 1868 Turne,
280 1803 325 1852 tot
340 1793 495 1853 incassum
509 1789 593 1852 fusos
607 1787 727 1874 patiere
742 1789 878 1871 labores,

105 1881 140 1947 Et
160 1902 218 1955 tua
230 1889 401 1955 Dardaniis
415 1891 581 1955 transcribi
595 1904 720 1977 sceptra
734 1892 875 1958 colonial

105 1983 188 2057 Rex
201 1995 254 2059 tibi
267 1996 443 2082 conjugium
458 2008 489 2058 et
504 1995 649 2078 quaesitas
664 1997 810 2083 sanguine
825 1996 915 2063 dotes

105 2088 263 2184 Abnegat,
277 2111 485 2181 externusque
500 2097 530 2159 in
545 2117 673 2183 regnum
689 2101 839 2181 quaritur
852 2099 965 2167 haeres.

105 2187 229 2280 lnunc,
242 2201 370 2286 ingratis
383 2197 461 2264 offer
476 2214 516 2279 te,
532 2203 633 2279 irrise,
647 2199 791 2286 periclis:
1076 2216 1141 2272 425

104 2289 304 2384 Tyrrhenas,
318 2308 338 2384 i,
352 2314 456 2369 sterne
472 2304 573 2383 acies;
595 2315 664 2389 tege
679 2324 758 2389 pace
773 2304 913 2370 Latinos.

103 2394 195 2471 Haec
208 2405 286 2472 adeb
300 2407 356 2471 tibi
370 2429 430 2487 me,
444 2406 571 2492 placidia
586 2427 679 2490 quum
693 2421 785 2472 nocte
794 2411 931 2495 jacerent,

103 2495 185 2582 lpsa
196 2509 296 2594 palam
310 2510 370 2574 lari
383 2512 575 2595 omnipotens
590 2509 734 2574 Saturnia
743 2510 846 2596 jussit.

102 2598 216 2681 Quare
229 2632 296 2697 age,
311 2625 341 2675 et
356 2614 472 2675 armari
487 2609 612 2696 pubem‚
623 2613 784 2697 portisque
797 2615 926 2692 moveri,

102 2698 216 2778 Loetus
228 2719 259 2779 in
274 2737 361 2779 arma
376 2735 470 2800 para;
492 2726 524 2776 et
536 2712 700 2799 Phrygios,
711 2715 767 2797 qui
778 2713 901 2779 flumine
915 2713 1048 2800 pulchro
1075 2725 1142 2783 430

102 2803 298 2897 Consedere,
312 2817 420 2897 duces,
434 2821 596 2902 pictasque
612 2838 708 2879 exure
722 2819 860 2879 carinas.

103 2905 280 2985 Caelestum
295 2925 343 2984 vis
358 2942 469 3006 magna
480 2921 580 3006 jubet.
626 2917 697 2982 Rex
712 2918 778 3003 ipse
790 2918 930 3001 Latinus

101 3006 148 3076 lli
169 3021 240 3088 dare
254 3026 439 3111 conjugium,
454 3037 485 3087 et
498 3023 584 3087 dicto
599 3044 712 3109 parere
726 3024 849 3103 latetur,

101 3113 236 3207 Sentiat,
249 3141 280 3192 et
295 3127 421 3192 tandem
435 3128 575 3192 Turnum
590 3127 769 3213 experiatur
784 3130 816 3191 in
831 3129 936 3193 armis.

151 3224 218 3293 llic
228 3230 360 3317 juvenis,
374 3243 478 3295 vatem
493 3230 636 3310 irridens,
651 3231 695 3294 sic
710 3251 781 3294 orsa
797 3231 934 3296 vicissim

103 3317 183 3394 Ore
193 3335 300 3398 refert:
324 3333 451 3398 Classes
466 3337 607 3399 invectas
622 3334 776 3420 Tybridis
790 3333 905 3400 undam

106 3422 197 3515 Non,
208 3452 237 3501 ut
249 3459 328 3518 rere,
343 3459 430 3503 meas
442 3437 550 3529 effugit
563 3437 684 3501 nuntius
700 3458 809 3518 aures3

107 3524 167 3596 Ne
183 3549 272 3606 tutos
285 3541 362 3605 mihi
376 3541 457 3627 finge
471 3554 589 3604 metus:
612 3561 669 3604 nec
684 3541 769 3625 regia
783 3541 865 3607 June

112 3629 271 3708 immemor
284 3658 332 3709 est
348 3647 459 3709 nostri.

118 3732 186 3804 Sed
195 3755 221 3808 te
231 3748 312 3812 victa
325 3747 385 3811 situ
400 3747 529 3831 verique
544 3743 647 3810 effoeta
662 3758 813 3825 senectus,

123 3834 153 3899 0
167 3862 259 3930 nater,
272 3852 357 3915 curis
369 3850 581 3937 nequidquam
599 3863 735 3930 exercet,
750 3863 781 3912 et
795 3871 883 3913 arma

128 3934 233 4029 Regum
244 3954 324 4018 inter
336 3951 416 4018 falsa
430 3964 533 4017 vatem
547 3952 713 4017 formidine
727 3950 816 4015 ludit.

133 4038 205 4114 Cura
215 4054 275 4137 nbi,
288 4055 396 4122 divum
410 4057 528 4144 effigies
540 4069 570 4121 et
584 4056 700 4142 templa
715 4056 814 4119 tueri:

139 4138 210 4215 bella
220 4158 273 4224 tiri
284 4180 460 4246 pacemque
475 4171 593 4246 gerent,
608 4162 697 4244 queis
712 4157 796 4223 bella
810 4157 959 4245 gerenda.

172 4246 282 4326 Talibus
295 4261 419 4327 Allecto
434 4261 526 4327 dictis
540 4262 658 4326 exarsit
672 4264 703 4325 in
719 4261 793 4325 iras.

143 4342 269 4465 ltjueni
280 4369 381 4432 oranti
396 4364 517 4431 subitus
531 4380 648 4430 tremor
661 4377 794 4450 occupat
809 4377 915 4443 artus;

71 4468 74 4473 ’
143 4440 391 4543 bulanu
411 4482 458 4536 tot
472 4468 612 4556 Erinnys
625 4467 732 4533 siunai
747 4466 869 4552 hydris,
