2756 5010
419 249 452 344 l

500 431 616 498 LIBER
635 439 683 497 lV.

108 595 206 662 Unum
219 607 315 662 exuta
328 593 443 682 pedem
458 597 577 680 vinclis,
592 600 622 664 in
638 611 723 665 veste
738 603 887 685 recincta
917 665 920 674 .

107 701 247 764 Testatur
261 700 412 765 moritura
427 699 514 781 deos,
529 715 559 766 et
573 707 699 768 conscia
710 703 767 767 sati

106 803 230 869 Sidera:
253 816 328 884 tum,
343 807 369 868 si
385 803 469 889 quod
485 827 546 870 non
561 826 652 890 aequo
667 803 787 871 loedere
803 819 943 872 amantes
1072 815 1135 872 520

107 907 195 972 Curae
208 929 322 972 numen
337 906 443 990 habet,
453 909 633 995 justumque
648 931 828 994 memorque
842 923 998 998 precatur.
1011 941 1056 1000 xx

147 1009 213 1076 Nox
229 1025 308 1092 erat,
322 1025 353 1076 et
367 1009 525 1098 placidum
540 1014 719 1100 carpebant
730 1016 812 1079 fessa
823 1037 966 1101 soporem
1023 1010 1027 1021 '

108 1113 243 1200 Corpora
256 1135 317 1200 per
330 1127 450 1196 terras3
472 1115 622 1202 silvaeque
637 1130 668 1180 et
682 1117 767 1181 saeva
782 1115 926 1202 quiritant

109 1215 257 1302 AEquom
280 1239 376 1303 quum
389 1217 493 1284 medio
508 1217 674 1285 volvuntur
687 1217 794 1284 sidera
809 1219 916 1306 lapsu3
1027 1249 1033 1264 ·

107 1319 203 1402 Quum
215 1333 301 1385 tacet
314 1321 412 1387 omnis
428 1343 523 1409 ager3
544 1321 692 1408 pecudes,
706 1327 862 1410 pictreque
877 1323 1031 1404 volucres
1075 1330 1135 1388 525

110 1421 238 1510 Quaeque
252 1423 341 1490 lacus
356 1423 417 1489 late
433 1424 577 1512 liquidos,
591 1448 723 1513 quaeque
739 1447 851 1514 aspera
866 1427 967 1493 dumis

110 1524 189 1590 Rura
201 1541 316 1610 tenent,
330 1550 438 1593 somno
452 1530 561 1614 positae
577 1531 635 1594 sub
650 1544 741 1594 nocte
756 1530 859 1596 silenti

110 1627 255 1697 lenibant
267 1653 370 1712 curas,
384 1645 415 1696 et
429 1630 528 1696 corda
543 1631 640 1697 oblita
655 1632 815 1697 laborum:

111 1735 149 1796 Ar
160 1757 217 1800 non
231 1735 339 1800 infelix
354 1735 449 1800 animi
466 1733 649 1815 Phoenissa3
670 1757 773 1821 neque
787 1758 924 1821 unquam

110 1833 237 1900 Solvitur
249 1839 282 1902 in
296 1859 431 1917 somnos,
445 1836 583 1900 oculisve
598 1849 650 1901 aut
664 1849 792 1923 pectore
806 1852 930 1904 noctem
1071 1847 1135 1904 530

112 1939 241 2024 Accipit:
263 1941 456 2026 ingeminant
469 1961 572 2020 curae3
594 1961 762 2025 rursusque
777 1961 941 2028 resurgens

112 2039 193 2104 Sevit
205 2061 303 2122 amor,
317 2063 493 2128 magnoque
509 2043 625 2105 irarum
641 2039 768 2106 fluctuat
782 2055 869 2106 aestu.

113 2141 157 2206 Sic
170 2143 248 2209 aded
261 2145 383 2224 insistit,
397 2139 565 2229 secumque
581 2144 623 2208 ita
638 2143 735 2208 corde
755 2143 890 2209 volutat:

111 2241 154 2310 En
166 2245 239 2332 quid
253 2251 333 2333 ago?
353 2267 500 2310 rursusne
515 2267 627 2333 procos
641 2245 733 2309 irrisa
748 2249 869 2331 priores

112 2345 276 2433 Experiar?
318 2347 558 2434 Nomadumque
572 2359 676 2433 petam
692 2347 850 2412 connubia
864 2345 1007 2434 supplex,
1072 2355 1133 2413 635

112 2450 184 2532 Quos
196 2474 255 2540 ego
268 2455 328 2518 aim
342 2454 434 2516 toties
444 2452 511 2538 jam
526 2447 696 2535 dedignata
712 2451 839 2514 maritos
853 2454 866 2513 l

112 2551 209 2618 lliacas
222 2557 318 2640 igitur
332 2552 450 2618 classes
464 2565 559 2637 atque
575 2551 683 2616 ultima
698 2551 857 2616 Teucrum

110 2655 188 2723 Jussa
202 2661 336 2743 sequarl
346 2657 472 2744 {quiane
485 2653 604 2720 auxilio
614 2655 705 2742 juvat
720 2655 793 2718 antd
810 2654 940 2734 levatos,

109 2757 162 2822 Aut
173 2758 253 2824 bene
267 2757 352 2846 apud
367 2779 521 2822 memores
535 2759 652 2822 veteris
666 2769 726 2819 stat
740 2759 842 2842 gratia
856 2750 977 2850 sactill
1058 2841 1062 2849 q

106 2857 174 2939 Quis
187 2883 234 2926 me
250 2873 363 2941 autem,
377 2859 428 2925 iac
443 2857 535 2940 velle,
549 2861 653 2923 sinet?
673 2857 834 2923 ratibusve
848 2859 993 2943 superbis
1070 2867 1132 2925 ⁵40

109 2959 228 3028 larisam
244 2965 401 3049 accipiet?
444 2961 565 3041 Nescis,
580 2961 661 3026 heu!
684 2959 818 3045 perdita,
832 2959 968 3027 necdum
1100 2969 1104 2977 '

107 3061 335 3132 Laomedontem
351 3069 447 3131 sentis
461 3065 599 3153 perjuria
613 3067 735 3151 gentis?

109 3165 180 3247 Quid
194 3175 280 3234 lumi
302 3169 368 3236 sola
384 3167 456 3256 lugd
471 3182 582 3234 nautas
597 3167 771 3233 comitabor
786 3173 941 3234 ovantes?

108 3269 149 3332 An
161 3271 267 3357 Tyriis
282 3275 430 3358 omnique
444 3293 536 3337 manu
551 3275 666 3357 stipata
680 3293 820 3336 meorum

107 3367 234 3438 lnierarl
256 3387 287 3439 et
302 3395 380 3460 quos
396 3371 525 3439 Sidonia
539 3375 593 3438 vix
608 3375 686 3438 urbe
701 3372 811 3438 revelli
1068 3383 1128 3441 ⁵4⁵

105 3467 213 3542 Rursus
226 3499 319 3566 agam
333 3477 456 3565 pelago,
471 3491 502 3542 et
515 3479 615 3542 ventis
630 3475 707 3544 dare
721 3475 793 3542 vela
803 3475 946 3564 jubebo?

105 3575 177 3658 Quin
190 3603 320 3662 morere,
335 3594 369 3646 ut
383 3585 494 3647 merita
509 3604 552 3663 es,
567 3581 712 3668 ferroque
728 3594 834 3648 averte
849 3581 1001 3648 dolorem.
1012 3608 1021 3693 p
1031 3647 1058 3668 s

105 3677 158 3760 Tu,
171 3679 317 3772 lacrymis
332 3688 436 3750 evicta
451 3685 537 3764 meis,
552 3696 584 3749 tu
599 3685 699 3772 prima
714 3685 866 3750 furentem

105 3779 170 3863 Ηίε,
182 3807 339 3870 germana,
354 3785 444 3852 malis
458 3807 581 3867 oneras,
596 3801 689 3872 atque
705 3787 817 3875 objicis
835 3784 926 3851 hosti.

105 3883 166 3952 Nou
180 3887 265 3955 licuit
278 3890 410 3956 thalami
425 3904 587 3978 expertem
603 3891 668 3954 sine
683 3891 812 3954 crimine
827 3893 925 3956 vitam
1068 3895 1129 3954 550

106 3987 217 4078 Degere
230 4017 317 4060 more
332 3995 419 4076 serae,
433 3995 512 4060 tales
527 4017 584 4061 nec
600 4009 729 4081 tangere
742 3996 852 4058 curas!

105 4089 165 4160 Non
179 4111 304 4164 servata
318 4098 397 4168 fides
411 4100 509 4165 cineri
524 4099 678 4188 promissa
694 4096 849 4185 Sychaeol

393 4207 433 4266 24
