2756 5010
209 392 264 450 184
648 381 840 448 AENEIDOS

246 541 335 607 Hinc
348 539 426 607 mihi
439 535 588 626 Massyla
602 541 703 626 gentis
716 550 887 606 monstrata
901 535 1059 620 sacerdos,

231 711 234 718 ,
246 645 460 733 Hesperidum
475 643 582 729 templi
596 655 710 723 custos,
725 641 896 729 epulasque
911 640 1042 707 draconi

164 803 173 822 .
246 749 325 832 Qum
340 748 445 829 dabat,
460 760 491 812 et
504 767 611 811 sacros
625 743 773 810 servabat
787 749 819 810 iu
834 744 948 810 arbore
962 763 1077 825 ramos,
1226 753 1282 812 485

177 905 184 916 .
246 853 404 939 Spargens
419 849 548 916 humida
562 847 657 914 mella
669 848 938 935 soporiferumque
952 868 1106 933 papaver.

245 953 329 1020 Haec
344 977 379 1019 se
392 951 583 1018 carminibus
597 953 749 1036 promittit
763 948 885 1032 solvere
899 961 1019 1016 mentes

245 1058 332 1142 Quas
345 1057 432 1140 velit,
447 1070 495 1122 ast
509 1053 580 1121 aliis
594 1055 689 1120 duras
704 1055 868 1120 immittere
883 1073 997 1136 curas3

246 1162 364 1227 Sistere
378 1183 493 1248 aquam
507 1160 619 1239 fluviis,
635 1171 667 1222 et
680 1171 803 1224 vertere
819 1156 924 1222 sidera
937 1171 1042 1223 retro=

245 1263 484 1350 Nocturnosque
498 1266 562 1329 ciet
576 1263 707 1328 Manes:
729 1257 987 1349 mugirevidebis
1118 1329 1121 1332 ,
1225 1267 1279 1334 490

246 1369 313 1434 Sub
326 1367 460 1456 pedibus
475 1378 601 1448 terram,
615 1377 647 1430 et
661 1363 855 1430 descendere
869 1365 1025 1431 montibus
1038 1388 1146 1432 ornos.

244 1471 367 1553 Testor,
381 1491 466 1550 cara,
481 1468 566 1550 deos,
581 1481 612 1534 et
626 1481 666 1549 te,
680 1489 839 1556 germana,
854 1483 1001 1555 tuumque

243 1571 349 1638 Dulce
362 1585 468 1660 caput,
481 1575 620 1659 magicas
635 1573 763 1636 invitam
778 1575 938 1658 accingier
952 1584 1048 1638 artes.

150 1727 156 1742 ,
243 1675 295 1740 Tu
309 1689 431 1742 secreta
445 1695 559 1762 pyram
572 1687 655 1742 tecto
670 1676 817 1742 interiore
831 1676 891 1741 sub
906 1697 999 1742 auras

245 1781 360 1870 Erige3
380 1795 412 1847 et
426 1803 515 1847 arma
529 1782 599 1862 riri,
614 1780 752 1850 thalamo
767 1801 837 1874 qum
851 1781 915 1848 fixa
929 1781 1057 1867 reliquit

244 1883 370 1970 impius,
385 1888 578 1969 exuviasque
592 1905 709 1965 omues,
724 1883 900 1970 lectumque
912 1884 1060 1972 jugalem,

243 1986 315 2070 Quo
328 1989 419 2073 perii,
434 1987 679 2072 superimponas.
723 1986 861 2052 Abolere
876 1985 1004 2052 nefandi

243 2088 367 2155 Cuncta
381 2089 442 2154 viri
456 2101 654 2153 monumenta
664 2089 755 2175 jubet
770 2102 981 2176 monstratque
993 2087 1154 2154 sacerdos.

243 2193 323 2259 Hac
338 2191 433 2258 effata
446 2191 528 2260 silet.
574 2191 677 2257 Pallor
691 2191 783 2257 simul
796 2206 931 2280 occupat
944 2213 1010 2258 ora

242 2295 314 2364 Non
328 2311 433 2364 tamen
447 2299 538 2362 Anna
552 2299 641 2362 novis
655 2307 831 2383 praetexere
846 2299 957 2363 sunere
971 2296 1070 2364 sacris

241 2401 432 2468 Germanum
446 2399 557 2482 credit,
571 2421 630 2466 nec
644 2413 746 2466 tantos
761 2411 863 2468 mente
877 2401 997 2466 furores

242 2505 400 2592 Concipit,
415 2517 467 2570 aut
481 2508 630 2592 graviora
644 2508 731 2571 timet
745 2505 838 2592 quam
853 2519 952 2570 morte
967 2503 1108 2592 Sychaei.

242 2607 327 2695 Ergo
337 2610 426 2696 jussa
439 2621 541 2694 parat

283 2713 327 2776 At
340 2715 459 2798 regina,
472 2710 556 2798 pyrd
570 2710 725 2797 penetrali
738 2715 771 2777 in
785 2710 860 2778 sede
875 2709 934 2778 sub
949 2731 1043 2777 auras

240 2815 356 2880 areca
370 2816 495 2900 ingenti,
509 2813 600 2878 taedis
614 2827 708 2901 atque
723 2815 795 2880 ilice
809 2815 905 2897 secti,

241 2915 437 3000 intenditque
453 2913 555 2978 locum
570 2919 670 2995 sertis,
686 2929 717 2979 et
731 2917 842 2982 fronde
856 2932 985 2984 coronat

117 3033 123 3047 ·
240 3017 401 3084 funerea:
424 3037 518 3102 super
532 3008 673 3098 exuvias,
689 3039 857 3105 ensemque
870 3020 1023 3102 relictum,

240 3119 444 3206 Effigiemque
458 3131 527 3181 toro
542 3115 635 3200 locat,
649 3117 736 3184 haud
750 3123 862 3207 ignara
876 3121 980 3186 futuri.
1062 3129 1070 3142 '

241 3221 331 3286 Stant
345 3241 410 3284 arae
424 3215 564 3301 circdm3
586 3232 617 3286 et
630 3220 733 3286 crines
748 3220 846 3288 effirsa
860 3223 1010 3288 sacerdos

238 3327 443 3392 Tercentum
458 3337 544 3390 tonat
558 3345 613 3390 ore
628 3323 714 3407 deos,
729 3326 940 3414 Erebumque,
951 3326 1131 3412 Chaosque,

190 3457 194 3465 ·
239 3429 523 3515 Tergemiuamque
538 3427 697 3510 Hecaten,
712 3432 774 3494 tria
788 3433 918 3516 virginis
932 3451 988 3495 ora
1002 3429 1125 3498 Diana.

240 3533 407 3618 Sparserat
421 3544 452 3595 et
467 3530 577 3597 latices
592 3531 751 3598 simulatos
765 3533 859 3597 sontis
874 3536 1005 3598 Averni.

238 3633 388 3701 Falcibus
403 3648 434 3699 et
448 3655 557 3699 messae
572 3634 613 3700 ad
629 3633 733 3702 lunam
749 3649 929 3721 quaeruntur
944 3635 1054 3702 ahenis

239 3739 397 3805 Pubentes
410 3737 529 3821 herboe,
543 3739 624 3826 nigri
638 3760 709 3804 cum
723 3737 806 3804 lacte
820 3743 945 3806 veneni.

235 3844 394 3927 Quaerinu
406 3856 439 3907 et
452 3847 608 3909 nascentis
623 3843 696 3930 equi
709 3842 750 3908 de
764 3845 865 3910 fronte
879 3843 1021 3912 revulsus

236 3949 279 4014 Et
292 3949 384 4012 matri
394 3959 684 4040 praereptuqamor.

237 4053 311 4140 ipsa
325 4050 417 4133 molt,
431 4051 636 4137 manibusque
650 4051 719 4138 piis,
734 4049 845 4120 altaria
855 4053 956 4141 juxta,
