2756 5010
228 427 286 485 23⁴
672 417 861 482 munus

274 575 336 642 Per
349 575 483 642 Graium
497 575 629 663 pupulos
644 575 821 661 medieque
835 597 895 664 pur
909 575 1011 642 Elidis
1026 577 1136 642 urbem
1172 591 1173 596 ’

148 723 154 733 ·
273 679 345 746 Ibat
359 701 467 759 ovans,
482 679 653 764 divumque
668 680 729 746 sihi
744 681 897 766 poscebat
912 679 1081 746 honorem:

273 783 431 853 Demens!
454 786 508 869 qui
524 785 648 852 nimbos
663 797 695 848 et
711 805 772 850 nou
788 783 940 850 imitabile
956 784 1075 850 tulmen

274 885 354 952 AEre
369 901 400 952 et
414 887 618 974 cornipedum
632 886 725 973 pulsu
738 885 900 954 simuldrat
913 907 1077 972 equorum.

161 1069 164 1075 Ι
275 992 319 1056 At
333 1003 422 1077 peter
436 971 632 1078 omnipotens
647 989 746 1056 densa
762 993 844 1056 inter
857 989 967 1056 nubila
982 989 1079 1056 telum
1113 1007 1166 1076 f

277 1094 456 1175 Contorsit3
476 1117 538 1162 uon
553 1094 607 1160 ille
622 1095 717 1176 laces,
732 1113 791 1160 nac
806 1094 909 1160 fumea
924 1091 1015 1160 tardis

277 1197 412 1264 Lumina
422 1223 432 1279 ;
441 1229 444 1234 ²
453 1202 711 1284 precipitemque
726 1198 854 1264 immani
870 1197 995 1264 turbine
1009 1195 1126 1282 adegit.

277 1301 346 1368 Nee
362 1323 423 1367 non
438 1293 613 1388 et'l'itjon
627 1301 739 1368 Terre
754 1303 979 1386 omniparentis
994 1298 1159 1379 alumnum,
1279 1301 1288 1314 '

278 1404 420 1470 Cernere
435 1418 523 1484 erat3
545 1427 603 1491 per
618 1417 683 1470 tota
697 1425 809 1470 novem
824 1408 876 1470 cui
886 1406 1000 1492 jugera
1013 1423 1129 1490 cerpus

280 1508 472 1595 Porrigitur3
493 1520 657 1594 rostroque
672 1507 816 1574 immanis
831 1507 935 1574 vultur
948 1508 1074 1574 obunco

278 1609 456 1676 immortale
459 1608 739 1728 Ujecurxtondens,
730 1607 939 1695 ioecunduque
954 1612 1056 1694 poenis

279 1709 426 1790 Viscera,
439 1714 633 1796 rimaturque
648 1682 759 1827 epulis,
774 1711 958 1796 habitatque
973 1711 1032 1780 sub
1046 1708 1110 1778 alto

281 1815 433 1893 Pectore3
454 1836 512 1880 nec
529 1814 617 1880 fibris
631 1814 757 1898 requies
771 1813 866 1882 datur
879 1811 944 1880 ulla
958 1815 1087 1880 renatis.

174 1939 180 1946 ·
277 1916 364 2000 Quid
379 1939 548 1986 memorem
562 1917 725 2005 Lapithae,
740 1912 861 2000 ixion-a,
877 1909 1124 2002 Pirithoii'mque,

277 2020 364 2102 Quos
379 2041 474 2106 super
488 2034 557 2086 atre
571 2020 652 2088 silex
663 2023 809 2110 jamjam
824 2021 951 2109 lapsura
961 2022 1151 2107 cadentique

278 2125 422 2190 imminet
437 2123 604 2192 assimilis?
647 2125 771 2192 Lucent
783 2127 962 2214 genialibus
976 2125 1046 2194 altis

278 2229 386 2292 Aurea
399 2227 500 2293 fulcra
514 2231 591 2296 toris
591 2227 781 2330 epulaeque
797 2241 873 2298 ante
883 2251 940 2296 ora
953 2242 1073 2316 purete

279 2329 425 2418 liegifico
439 2297 534 2396 luxu:
558 2331 725 2396 Furiarum
740 2337 879 2400 maxima
890 2333 982 2419 juxtei

279 2434 435 2516 Accubat,
449 2447 480 2499 et
494 2435 638 2503 manibus
653 2434 801 2520 prohibet
815 2436 996 2525 contingere
1010 2455 1154 2515 messan

279 2537 490 2626 Exsurgitque
505 2537 609 2604 lacem
624 2537 778 2620 attollens,
793 2551 888 2624 atque
903 2539 1021 2604 intonat
1035 2557 1102 2607 ore·
1113 2535 1159 2618 JK

280 2645 348 2710 Hic
363 2644 477 2730 quibus
492 2645 583 2712 invisi
598 2645 720 2725 iratres,
735 2645 809 2710 dum
823 2643 889 2710 vita
903 2645 1062 2727 manebat,

280 2745 462 2812 Pulsatusve
477 2767 603 2832 perena,
617 2760 671 2812 aut
686 2747 771 2812 iraus
786 2747 902 2814 innexu
916 2747 1021 2814 clienti
1033 2775 1043 2826 3

277 2854 342 2922 Aut
358 2852 410 2935 qui
425 2851 543 2914 divitiis
558 2848 617 2915 suli
630 2850 805 2916 incubuere
819 2856 964 2938 repertis,

279 2954 348 3018 Nec
363 2964 484 3038 partem
498 2950 633 3036 posuere
647 2955 721 3033 suis,
737 2975 807 3039 quae
822 2958 960 3022 maxima
974 2957 1069 3024 turba
1084 2970 1130 3024 est
1145 2985 1155 3038 3

279 3057 404 3141 Quique
420 3055 462 3118 ob
477 3051 664 3120 adulterium
678 3059 763 3136 cesi,
783 3061 900 3144 quique
915 3081 1004 3126 arma
1018 3065 1119 3126 secuti

280 3160 391 3244 lmpia,
405 3178 464 3224 nec
480 3160 571 3222 veriti
586 3157 782 3226 dominorum
799 3161 909 3228 fallere
924 3161 1074 3228 dextrass

281 3259 393 3353 lnqlusi
409 3281 534 3347 poenum
549 3273 745 3346 exspectant.
790 3262 840 3328 Ne
855 3285 962 3350 quaere
977 3264 1086 3332 duceri

280 3365 533 3450 Quamprimum,
548 3377 601 3430 aut
616 3384 685 3448 qum
702 3365 804 3432 forma
817 3370 902 3432 viros
916 3368 1081 3436 fortunare
1096 3371 1212 3436 mersit.
1251 3365 1299 3424 ⁰1⁵

282 3463 398 3534 Surium
413 3465 521 3555 ingens
535 3468 664 3534 volvunt
678 3467 744 3548 alii,
758 3468 1049 3550 rediisveroteruur

280 3573 425 3639 Districti
439 3572 594 3658 pendent:
618 3571 717 3653 sedet,
730 3572 944 3659 eternumque
958 3575 1094 3656 sedebit,

281 3676 393 3742 lnielix
408 3677 569 3744 Theseus:
594 3675 816 3766 Phlegyasque
830 3681 1023 3746 miserrimus
1037 3703 1146 3750 omues

280 3781 446 3862 Admonet,
462 3795 492 3846 et
506 3781 620 3868 mugnis
634 3795 764 3848 testatur
777 3803 857 3848 voce
871 3804 929 3870 per
943 3784 1090 3849 umbras:

279 3885 431 3950 “Discite
442 3885 593 3971 justitiam
608 3888 725 3968 moniti,
739 3901 770 3951 et
785 3909 846 3952 nou
862 3899 1001 3954 temnere
1016 3885 1140 3954 divus-'¹
1253 3881 1306 3944 ⁵⁹⁰

280 3988 434 4056 Vendidit
449 3987 501 4054 hie
516 4011 593 4054 auro
607 3989 990 4087 patriam,„domiuumque
1002 4003 1177 4077 potentem,
1218 3971 1283 4051 lx&

281 4094 428 4180 Imposuit
440 4118 449 4172 ς
470 4091 540 4159 fixit
554 4093 638 4180 leges
653 4095 763 4182 pretia,
778 4106 874 4180 atque
887 4094 1002 4160 refixit.
