2890 5002
233 485 291 544 142
675 479 867 542 AErtfflnos·

316 632 409 698 Talia
419 633 592 721 jactabam,
607 645 638 696 et
652 629 764 696 iuriatti
780 645 887 702 mente
897 630 1044 711 ferebar,

273 735 375 818 Quum
391 736 467 800 mihi
482 757 526 815 se,
541 757 602 800 non
618 735 689 798 ante
705 732 804 797 oculis
819 745 883 802 tam
897 731 1181 824 clarapidendam

271 837 405 918 Obtulit,
419 851 449 904 et
464 837 542 922 puni
557 859 614 922 per
629 849 753 900 noctem
768 839 800 900 in
815 834 885 900 luco
900 835 1032 916 refulsit,
1250 847 1313 904 ⁵90

274 939 367 1004 Alma
381 939 665 1026 parens„eorrfessa
679 937 783 1024 deam,
798 936 963 1022 qualisque
977 936 1084 1002 videri

272 1042 434 1107 Coelicolis
449 1056 480 1108 et
495 1056 612 1128 quanta
627 1040 723 1120 solet3
745 1039 920 1125 dextrdque
935 1039 1125 1126 prehensum

272 1143 442 1225 Continuit,
457 1165 611 1229 roseoque
626 1143 694 1208 haec
709 1146 838 1228 insuper
853 1141 976 1210 addidit
990 1163 1063 1208 ore:

313 1249 406 1329 Nate,
421 1251 490 1332 quis
506 1245 673 1312 indomitas
688 1258 791 1310 tantus
806 1243 897 1309 dolor
912 1247 1030 1309 excitat
1044 1247 1130 1308 iras?

270 1351 354 1434 Quid
370 1355 468 1416 suris?
490 1363 542 1414 aut
557 1348 692 1434 qudnam
707 1351 804 1413 nostri
819 1349 877 1412 tibi
892 1369 969 1412 cura
984 1350 1137 1412 recessit?
1248 1355 1311 1414 595

270 1455 341 1519 Non
355 1451 442 1538 pride
458 1449 616 1538 adspicies
631 1451 686 1514 ubi
701 1451 816 1514 fessum
832 1462 920 1514 etate
934 1461 1096 1535 parentem

267 1555 416 1640 Liqueris
431 1553 615 1618 Anchisen?
637 1562 762 1637 superet
776 1552 932 1638 conjuxne
947 1550 1080 1630 Creiisa,

268 1661 485 1742 Ascaniusque
500 1661 600 1743 pueri
621 1653 698 1741 quos
714 1675 821 1719 omnes
835 1655 974 1740 undique
988 1655 1094 1719 Graia

269 1761 398 1825 Circum
413 1749 519 1825 errant
534 1763 637 1839 acics3
660 1773 700 1839 et,
715 1762 747 1823 ni
762 1780 833 1824 mea
848 1779 926 1824 cura
940 1762 1075 1838 resistat,

266 1863 339 1930 Jam
355 1864 485 1928 flammae
501 1861 636 1941 tulerint,
651 1865 795 1926 inimicus
811 1875 842 1926 et
856 1860 996 1926 hauserit
1010 1864 1104 1927 ensis.

267 1965 338 2030 Non
353 1967 410 2030 tibi
426 1963 623 2050 Tyndaridis
638 1965 736 2028 iacies
751 1967 851 2028 invisa
868 1964 1023 2045 Lacaenae,

268 2066 460 2152 Culpamsve
477 2067 584 2145 Paris;
606 2063 713 2130 divam
728 2065 938 2146 inclementia,
952 2067 1069 2146 diutim,

266 2170 338 2234 Has
353 2171 464 2233 evertit
478 2189 566 2254 opes,
579 2171 750 2252 sternitque
766 2190 785 2234 a
800 2166 935 2234 culmine
950 2168 1092 2258 Trojam.

264 2271 422 2358 Adspice:
446 2291 580 2357 namque
594 2291 719 2335 omnem
734 2292 804 2356 quae
819 2293 902 2336 nunc
917 2272 1055 2337 obducta
1070 2272 1166 2338 tuenti

263 2373 415 2440 Mortales
430 2374 559 2440 hebetat
572 2377 658 2439 visus
673 2374 741 2456 tibi,
757 2387 788 2440 et
803 2373 932 2438 humida
947 2373 1068 2441 circtim

262 2477 399 2565 Caligat,
413 2479 529 2543 nubem
544 2481 694 2564 eripiam:
709 2491 749 2542 tu
765 2500 805 2542 ne
820 2499 882 2562 qua
896 2481 1036 2563 parentis

261 2581 355 2646 Jussa
369 2585 454 2662 time,
468 2604 530 2646 neu
544 2583 711 2667 praeceptis
724 2602 840 2666 parere
855 2601 990 2665 recusa=

249 2683 339 2764 ⁴Hic,
354 2683 408 2746 ubi
424 2681 572 2768 disjectas
587 2678 695 2760 moles,
710 2680 881 2766 avulsaque
896 2685 983 2749 saxis

262 2785 348 2849 Saxa
361 2783 461 2864 vides,
475 2787 636 2868 mixtoque
651 2782 821 2848 undantem
834 2783 965 2869 pulvere
981 2786 1108 2869 fumum,

259 2887 423 2970 Neptunus
439 2907 543 2948 muros
557 2905 732 2970 magnoque
748 2899 851 2950 emota
866 2885 994 2953 tridenti

260 2986 476 3052 Fundamenta
491 2987 600 3071 quatit,
614 2999 772 3071 totamque
789 2989 830 3053 ab
845 2989 974 3054 sedibus
989 2991 1101 3058 urbem

260 3092 362 3155 Eruit.
386 3089 454 3154 Hie
463 3090 548 3154 Juno
562 3091 668 3155 Scaeas
682 3095 856 3156 saevissima
870 3108 978 3178 portas

261 3193 366 3257 Prima
382 3205 473 3272 tenet,
488 3194 669 3276 sociumque
684 3193 789 3258 furens
805 3215 823 3258 a
838 3195 973 3262 navibus
988 3217 1099 3285 agmen

259 3295 358 3362 Ferro
373 3299 517 3360 accincta
531 3309 635 3360 vocat.
688 3273 707 3302 ⁸

257 3400 330 3465 Jam
345 3379 481 3464 summae
496 3420 586 3463 arces
602 3399 758 3480 Tritonia,
772 3403 906 3487 respice,
922 3401 1027 3469 Pallas

262 3501 389 3583 insedit,
402 3503 511 3567 nimbo
527 3499 676 3588 effulgens
692 3516 723 3566 et
737 3504 884 3590 Gorgone
899 3506 999 3571 saeva·
1040 3523 1048 3538 ·

257 3605 328 3690 Ipso
343 3619 434 3690 pater
449 3603 571 3668 Danais
586 3608 707 3669 animos
721 3608 869 3692 viresque
884 3609 1039 3676 secundas

258 3707 393 3787 Sufficit3
416 3707 481 3792 ipse
497 3705 573 3771 deos
588 3709 620 3771 in
635 3707 792 3774 Dardana
806 3714 936 3776 suscitat
951 3734 1051 3778 arma.

257 3812 364 3897 Eripe,
378 3825 461 3892 nate,
476 3813 590 3898 sugam,
604 3812 759 3898 finemque
774 3817 899 3900 impone
915 3813 1029 3881 labori.

256 3913 418 3998 Nusquam
435 3913 543 3994 abero,
557 3927 590 3978 et
605 3927 702 3980 tutum
716 3919 820 4001 patrio
836 3930 866 3982 to
881 3917 989 3985 limine
1003 3925 1122 3988 sistam.

255 4015 401 4094 Dixerat,
416 4028 446 4080 et
457 4017 563 4101 spissis
578 4019 678 4080 noctis
693 4037 727 4081 se
741 4017 883 4083 condidit
898 4022 1029 4089 umbris.

257 4124 418 4206 Apparent
433 4117 510 4184 dire
526 4119 633 4200 iacies,
648 4122 839 4207 inimicaque
854 4121 958 4210 Troje
