2756 5010
517 405 635 473 Lmen
654 407 703 468 Vl.

123 569 180 635 Dic
194 589 271 657 age,
292 588 438 654 namque,
453 567 530 637 mibi
543 568 642 636 fallax
657 567 745 662 baud
757 571 829 636 ante
848 583 1000 656 repertus,

96 673 99 678 “
125 674 192 740 Hoc
206 695 268 738 uno
281 693 432 758 responso
447 675 584 738 animum
598 673 713 740 delusit
728 673 851 760 Apollo,

124 775 260 857 Qrilnre
275 787 306 840 te
321 789 415 862 ponto
430 775 628 856 incolumem,
643 776 782 862 finesque
797 778 933 843 canebat

126 878 295 944 Venturum
309 882 481 946 Ausonios:
505 902 543 946 en
560 881 629 946 hec
643 881 797 968 promissa
812 881 890 946 fides
904 884 973 946 estl

126 981 176 1047 llle
190 996 313 1048 autem:
336 983 447 1068 Neque
463 996 493 1047 te
510 983 624 1051 Pboebi
637 988 760 1060 cortina
773 985 893 1066 fefellit,

124 1085 193 1150 Dux
206 1085 409 1166 Anchisiade,
424 1107 482 1152 nec
502 1107 553 1152 me
567 1085 647 1151 deus
660 1107 787 1171 aequore
802 1091 920 1154 mersit.

126 1189 261 1275 Namque
275 1189 500 1277 gubernaclum
514 1187 611 1256 multi
624 1192 657 1253 vi
671 1189 752 1256 sorte
767 1191 935 1274 revulsum,
965 1247 970 1268 ,

123 1289 179 1356 Cui
193 1291 284 1356 datus
300 1292 458 1358 berebam
473 1305 587 1371 custm,
601 1312 774 1377 cursusque
788 1294 949 1379 regebam,

127 1397 325 1484 Pracipitane
339 1402 420 1462 traxi
437 1419 570 1464 mecum.
615 1399 720 1464 Maria
735 1421 849 1486 aspera
860 1402 934 1487 juro

127 1498 188 1564 Non
201 1501 299 1566 ullum
313 1523 372 1586 pro
386 1521 435 1566 me
450 1514 569 1568 tantum
583 1504 706 1587 cepisse
720 1502 873 1584 timorem,

126 1603 217 1685 Quem
231 1618 286 1670 tua
301 1626 350 1682 ne,
365 1603 498 1690 spoliata
513 1608 618 1686 armis,
633 1627 767 1673 excussa
787 1608 945 1692 magistro,

126 1705 276 1773 Deficeret
290 1710 384 1774 tantis
399 1710 489 1772 navis
503 1707 698 1794 surgentibus
712 1707 816 1804 undis.
827 1707 904 1778 Ω(
918 1690 959 1772 l-

125 1809 197 1874 Tres
211 1811 312 1886 Notus
327 1810 477 1876 hibernas
492 1813 643 1876 immensa
658 1831 715 1896 per
730 1831 858 1896 equora
872 1824 979 1878 noctes

126 1911 214 1978 Venit
228 1935 279 1978 me
295 1912 449 1981 violentus
464 1912 566 1998 aqui:
589 1915 645 1976 vix
658 1911 773 1978 lumine
789 1925 901 1998 quarto

126 2013 270 2102 Prospexi
288 2016 417 2096 ltaliam,
430 2016 550 2082 nummi
564 2014 707 2089 sublimis
721 2016 764 2082 ab
778 2015 907 2112 unda'q'

129 2119 272 2185 Paulatim
288 2120 447 2199 adnabam
462 2132 572 2186 terrm:
591 2120 658 2207 Jam
673 2131 739 2184 tuta
753 2119 917 2202 tenebam3

126 2221 163 2287 Ni
174 2247 244 2312 gens
259 2224 399 2294 crudelis
414 2223 543 2292 madida
557 2245 630 2290 cum
645 2237 732 2290 veste
746 2237 920 2310 gravatum,

127 2325 383 2412 Prementemque
399 2330 487 2392 uncie
500 2327 645 2390 manibus
659 2329 765 2412 capita
780 2348 894 2412 aspera
907 2331 1030 2408 montis,

127 2427 214 2495 Ferro
227 2431 407 2508 invasisset,
421 2427 624 2514 praedamque
639 2430 748 2514 ignara
763 2426 911 2513 putieset.

126 2529 206 2598 Nunc
220 2557 271 2598 me
288 2533 399 2601 fluctus
414 2531 520 2612 habet,
534 2543 723 2616 versantque
738 2531 769 2596 in
785 2530 886 2594 littore
902 2535 995 2601 venti.

125 2633 206 2715 Quod
221 2651 251 2702 te
267 2658 327 2723 per
341 2634 414 2700 coeli
424 2633 598 2722 jucundum
614 2633 729 2712 lumen,
745 2645 776 2696 et
790 2653 894 2714 auras,

126 2733 178 2800 Per
190 2742 373 2825 genitorem,
388 2759 455 2816 oro,
469 2757 527 2822 per
541 2757 613 2822 spes
630 2737 784 2821 surgentis
799 2731 868 2814 liili,

123 2835 211 2926 Eripe
224 2863 275 2908 me
292 2840 353 2922 his,
367 2843 493 2921 invicte,
508 2839 616 2906 maliet
640 2853 693 2916 aut
708 2851 741 2904 tu
755 2837 833 2903 mibi
849 2851 964 2907 terram

127 2940 221 3028 injice,
235 2965 372 3034 namque
387 2957 487 3030 poten,
501 2957 670 3028 portusque
685 2945 812 3028 require
828 2942 977 3010 Velinus:
1000 2963 1004 2970 ’

126 3046 274 3130 intrusi
290 3069 356 3133 qua
369 3050 422 3124 yia
436 3053 492 3128 eet,
507 3051 534 3112 si
550 3069 644 3134 quam
659 3047 716 3112 tibi
730 3046 959 3129 divacreatrix

126 3146 257 3217 Ostendit
272 3151 392 3237 (neque
407 3153 500 3232 enim,
515 3151 623 3232 credo,
637 3155 705 3216 sine
718 3150 843 3216 numine
859 3150 967 3224 diutim

126 3249 258 3320 Flumina
274 3268 361 3332 tacita
376 3275 472 3340 paras
487 3255 691 3341 Stygiamque
706 3257 816 3330 innare
830 3252 1006 3338 paludem),

123 3349 171 3418 Da
184 3355 329 3424 dextram
344 3360 470 3436 misero,
484 3370 516 3420 et
526 3371 632 3422 eccum
647 3378 698 3427 mc
713 3355 787 3420 tolle
802 3375 859 3440 per
873 3355 984 3436 undar,
1065 3423 1067 3430 ,

126 3455 251 3526 Sedibus
264 3475 299 3527 ut
314 3460 424 3526 saltem
439 3459 575 3546 placidis
589 3464 622 3526 in
636 3472 735 3524 morte
750 3461 923 3543 quiescam.
942 3459 947 3470 '

124 3555 207 3627 Talia
220 3565 303 3640 latus
319 3578 398 3644 erat,
411 3568 509 3650 coepit
523 3585 619 3650 quum
633 3563 710 3628 talia
725 3575 831 3638 vates:

122 3657 206 3729 Unde
220 3666 300 3749 haec,
315 3690 335 3733 ο
351 3666 509 3746 Palinure,
525 3667 582 3734 ubi
597 3679 661 3740 tam
675 3665 747 3730 dira
761 3663 902 3750 cupide?

123 3760 167 3830 'l'u
180 3768 305 3856 Stygias
319 3771 499 3850 inhumatus
514 3790 613 3855 aquas
628 3788 814 3852 amnemque
829 3787 974 3844 severum

123 3863 321 3952 Eumenidum
335 3872 503 3958 adspicies,
517 3875 661 3956 ripamve
676 3871 810 3956 injussus
825 3870 951 3946 adibis?

122 3965 230 4048 Desine
245 3975 312 4040 fate
326 3975 422 4042 deilm
438 3975 522 4042 flecti
537 3994 666 4060 sperare
685 3970 857 4058 precando.

124 4071 178 4140 Sed
191 4098 273 4163 cape
286 4079 373 4156 dicta
387 4101 517 4158 memor,
531 4077 602 4148 duri
618 4075 730 4147 solatia
744 4075 856 4154 casm:
