2756 5010
194 351 253 409 246
632 339 821 406 AENEIDOS

235 499 366 564 Externi
381 497 508 561 veniunt
521 499 638 584 generi,
651 497 703 582 qui
717 497 865 584 sanguine
881 509 1017 562 nostrum

235 601 357 690 Nomen
373 600 403 664 in
419 612 502 664 astra
518 600 629 679 serant,
644 621 836 686 quorumque
853 602 895 664 ab
910 603 1005 686 stirpe
1021 613 1149 686 nepotes

234 703 347 768 Omnia
362 703 420 766 sub
436 701 578 788 pedibus,
591 701 651 789 quei
666 701 712 766 sol
729 715 891 788 utrumque
906 725 1071 768 recurrens

234 807 378 892 Adspicit
393 827 554 886 oceanum,
569 806 709 890 vertique
725 806 853 892 regique
869 806 1030 893 videbunt.

235 912 318 974 Haec
335 931 484 995 responsa
499 909 595 996 patris
611 907 721 988 Fauni,
735 908 927 994 monitusque
944 910 1047 974 silenti

233 1015 335 1078 Nocte
350 1013 450 1092 datos,
465 1035 524 1076 non
541 1015 607 1096 ipse
623 1035 679 1076 suo
693 1016 807 1097 premit
821 1035 876 1077 ore
891 1013 1040 1094 Latinus3

235 1116 298 1180 Sed
313 1113 431 1180 circum
447 1115 510 1180 late
526 1115 656 1179 volitans
666 1117 736 1204 jam
748 1115 831 1180 lama
851 1138 908 1201 per
924 1117 1018 1180 urbes

233 1224 389 1285 Ausonias
404 1219 526 1298 tulerat,
542 1242 635 1304 quum
652 1219 880 1284 Laomedontia
894 1219 995 1306 pubes

233 1324 402 1388 Gramineo
418 1326 494 1408 ripae
510 1319 653 1408 religavit
668 1323 709 1385 ab
724 1344 837 1408 aggere
853 1322 996 1386 classem.

278 1425 404 1504 AEneas,
418 1426 573 1508 primique
588 1422 695 1504 duces,
710 1437 742 1486 et
755 1423 886 1508 pulcher
902 1423 995 1504 letus,

236 1527 380 1612 Corpora
395 1527 453 1590 sub
468 1530 564 1592 ramis
580 1526 737 1612 deponunt
752 1528 874 1592 arboris
895 1527 976 1608 alta,

235 1633 459 1716 instituuntque
474 1629 583 1716 dapes,
598 1645 629 1694 et
644 1631 761 1696 adorea
777 1631 841 1695 liba
856 1654 915 1716 per
930 1633 1062 1698 herbam

236 1735 409 1822 Subjiciunt
425 1735 523 1820 epulis
537 1733 595 1815 (sic
610 1735 732 1819 Jupiter
746 1735 800 1798 ille
815 1736 996 1818 monebat),

236 1837 276 1900 Et
292 1835 425 1899 Cereale
440 1833 540 1898 solum
559 1837 658 1920 pomis
672 1836 849 1922 agrestibus
863 1850 987 1924 augent.

234 1941 435 2024 Consumptis
450 1939 502 2002 hic
518 1939 597 2002 sorte
612 1939 691 2020 aliis,
706 1952 739 2002 ut
752 1953 875 2008 vertere
891 1965 1010 2006 morsus

234 2045 389 2132 Exiguam
405 2047 435 2107 in
452 2043 603 2106 Cererem
618 2043 749 2129 penuria
765 2042 871 2130 adegit
885 2045 1011 2126 edendi,

233 2149 275 2213 Et
290 2147 409 2212 violare
424 2169 517 2210 manu
533 2146 683 2231 malisque
699 2146 871 2212 audacibus
886 2149 996 2214 orbem
1054 2199 1058 2204 -

193 2263 197 2290 ¹
234 2251 353 2316 Fatalis
368 2252 473 2331 crusti,
489 2249 602 2336 patulis
617 2273 674 2314 nec
690 2273 823 2335 parcere
839 2251 988 2336 quadris:

234 2356 345 2420 Heus!
369 2358 462 2417 etiam
478 2375 599 2417 mensas
614 2355 840 2417 consumimus!
864 2354 963 2439 inquit
978 2353 1072 2418 liilus.

234 2457 303 2522 Nec
319 2457 408 2543 plura
424 2455 576 2520 alludens.
622 2457 669 2520 Ea
685 2478 745 2520 vox
762 2456 866 2520 audita
883 2457 1026 2522 laborum

234 2563 338 2626 Prima
354 2560 420 2625 tulit
436 2560 539 2640 finem,
549 2563 745 2645 primamque
761 2559 914 2644 loquentis
929 2561 970 2624 ab
985 2583 1039 2630 ore

234 2663 358 2751 Eripuit
372 2677 472 2749 pater,
487 2683 524 2726 ac
540 2663 729 2747 stupefactus
744 2665 868 2725 numine
883 2662 1007 2747 pressit.

234 2765 410 2834 Continuis:
434 2763 536 2841 Salve,
552 2763 622 2826 satis
639 2763 714 2826 mihi
729 2763 838 2828 debita
853 2763 962 2843 tellus3
1212 2768 1260 2828 teo

234 2871 375 2952 Vosque,
392 2871 445 2944 ait,
459 2891 479 2931 o
494 2863 549 2928 lidi
563 2865 678 2952 Trojae‚
693 2865 822 2945 salvete,
838 2868 982 2932 Penates.
1065 2941 1067 2950 y

235 2971 301 3036 Hic
317 2970 436 3047 domus,
453 2967 520 3030 haec
536 2970 638 3052 patria
653 2980 710 3030 est.
754 2969 887 3034 Genitor
898 2971 973 3036 mihi
988 2969 1073 3052 talia,
1088 2992 1220 3057 namque

235 3075 324 3140 Nunc
340 3085 459 3158 repet0,
476 3071 629 3136 Anchises
644 3073 778 3138 fatorum
793 3097 911 3142 arcana
926 3075 1067 3162 reliquit:

235 3179 337 3260 Quum
353 3190 392 3256 te,
408 3189 489 3256 nate,
505 3177 603 3240 lanies
619 3176 722 3261 ignota
738 3176 778 3240 ad
794 3178 897 3244 littora
912 3195 1035 3246 vectum

233 3282 355 3345 Accisis
370 3290 461 3364 coget
476 3277 611 3362 dapibus
626 3300 809 3344 consumere
825 3304 956 3361 mensas,

234 3385 316 3448 Tum
331 3405 459 3468 sperare
474 3381 583 3446 domos
598 3381 747 3464 defessus,
763 3385 869 3469 ibique
885 3399 1040 3452 memento

235 3488 338 3551 Prima
354 3485 459 3549 locare
476 3506 566 3549 manu
583 3485 746 3570 molirique
762 3510 876 3576 aggere
892 3503 985 3554 tecta.

235 3591 316 3652 Haec
332 3603 398 3651 erat
414 3587 465 3650 illo
481 3588 599 3666 iames;
622 3587 686 3650 haec
702 3611 757 3652 nos
772 3611 917 3675 suprema
932 3592 1090 3671 manebat,

234 3693 347 3758 Exitiis
362 3694 500 3776 positura
516 3689 651 3754 modum.

233 3799 340 3880 Quare
356 3798 448 3881 agite,
463 3807 493 3858 et
508 3796 608 3880 primo
623 3794 684 3858 laeti
700 3818 771 3860 cum
786 3795 899 3862 lumine
915 3797 988 3862 solis
1214 3802 1266 3861 13⁰

233 3901 312 3981 Quae
328 3899 407 3977 loca,
423 3899 514 3984 quive
530 3898 668 3964 habeant
684 3898 833 3978 homines,
845 3901 899 3966 ubi
914 3904 1028 3968 moenia
1043 3905 1155 3988 gentis,
1353 3897 1354 3940 t

233 4000 442 4088 Vestigemus,
457 4013 488 4065 et
503 4022 522 4064 a
535 4016 629 4090 portu
643 4001 768 4068 diversa
781 4017 934 4088 petamus.
