2756 5010
202 403 261 462 200
647 380 837 460 mnnrnos'

235 560 392 628 Omnibus
408 561 460 628 hic
473 562 530 627 erit
545 583 623 627 unus
638 561 747 626 honos.
792 561 874 626 Tres
888 561 1019 647 praemia
1033 563 1130 646 primi

238 667 415 752 Accipient,
431 666 575 752 flavique
590 680 685 752 caput
700 678 863 730 nectentur
878 663 972 729 oliva.

240 767 360 834 Primus
376 791 490 856 equum
505 769 644 856 phaleris
659 769 809 858 insignem
825 770 924 832 victor
939 767 1068 832 habeto.
1218 775 1271 833 310

236 873 329 939 Alter
342 876 548 940 Amazoniam
562 875 755 962 pharetram,
769 875 957 960 plenamque
973 872 1093 960 sagittis

239 975 407 1059 Threiciis,
421 978 485 1043 lato
500 1001 594 1064 quam
608 978 873 1066 circumplectitur
890 999 966 1042 auro

239 1079 379 1162 Balteus,
394 1095 425 1145 et
440 1083 531 1147 tereti
547 1083 702 1146 subnectit
718 1081 814 1146 fibula
828 1081 962 1168 gemmd.

238 1183 365 1250 Tertius
381 1185 529 1273 Argolici
545 1185 603 1250 hirc
618 1185 709 1274 galei
723 1199 885 1250 contentus
901 1183 1025 1248 abito(l

237 1287 322 1352 Haec
338 1289 391 1352 ubi
406 1287 500 1369 dicta,
515 1288 617 1352 locum
632 1289 778 1374 capiunt3
801 1289 950 1374 signoque
965 1287 1096 1372 repentis
1217 1293 1271 1352 315

238 1391 667 1478 Οοπίρὶυῃῑρρεῐίῑικᾶυάἱῑο,
682 1393 838 1480 limenque
854 1391 1032 1476 relinquunt

237 1493 336 1559 Effusi
351 1495 457 1559 nimbo
472 1496 606 1578 similes3
629 1495 718 1561 simul
734 1497 843 1561 ultima
858 1496 991 1582 signant.

238 1594 359 1660 Primus
374 1596 450 1677 abit,
466 1597 620 1686 longeque
637 1613 708 1663 ante
724 1599 828 1662 omnia
843 1618 979 1683 corpora
994 1596 1088 1661 Nisus

238 1699 370 1781 Emicat,
385 1716 416 1766 et
431 1703 530 1767 ventis
545 1718 576 1768 et
590 1703 724 1768 fulminis
739 1703 826 1768 ocior
841 1701 910 1767 alis.

238 1803 402 1869 Proximus
418 1806 499 1886 huic,
515 1806 606 1893 longo
621 1805 676 1872 sed
691 1806 851 1892 proximus
867 1801 1041 1882 intervallo,
1219 1809 1276 1868 320

237 1905 413 1990 insequitur
429 1906 540 1996 Salius.
586 1909 694 1994 Spatio
708 1907 779 1994 post
793 1905 908 1972 deindo
923 1904 1044 1985 relicto,

237 2007 363 2072 Tertius
384 2009 554 2096 Euryalus.

237 2108 475 2197 Euryalumque
492 2111 650 2200 Helymus
665 2114 815 2199 sequitur.
833 2149 841 2184 t
859 2111 931 2194 Quo
946 2110 1061 2176 deinde
1076 2113 1137 2176 sub
1152 2113 1218 2199 ipso

226 2212 324 2280 ¹Ecce
339 2214 433 2296 volat,
448 2215 631 2302 calcemque
646 2217 717 2280 terit
727 2218 793 2302 jam
808 2213 898 2280 calce
913 2213 1038 2294 Diores,

209 2332 212 2338 '
237 2315 423 2382 incumbens
439 2318 587 2384 humero:
612 2320 713 2405 spatia
727 2331 757 2383 et
772 2319 797 2382 si
812 2317 903 2404 plura
917 2317 1081 2402 supersint,
1220 2321 1274 2380 325

237 2418 393 2486 Transeat
409 2421 533 2510 elapsus
552 2423 648 2510 prior,
663 2423 882 2508 ambiguumve
896 2419 1067 2504 relinquat.

236 2521 371 2610 Jamque
386 2525 453 2590 ferd
468 2527 569 2611 spatio
584 2539 725 2592 extremo
740 2523 874 2608 fessique
889 2523 948 2587 sub
963 2525 1063 2606 ipsam

237 2626 347 2694 Finem
363 2630 585 2714 adventabant,
602 2631 664 2696 levi
678 2653 773 2718 quum
788 2627 936 2714 sanguine
952 2625 1047 2691 Nisus
1085 2651 1089 2660 ·

164 2807 167 2812 1
237 2727 371 2796 Labitur
386 2733 515 2813 infelix,
537 2735 627 2798 caesis
641 2747 674 2798 ut
690 2733 769 2796 forte
780 2730 924 2818 juvencis

238 2831 337 2899 Fusus
353 2835 479 2899 humum
495 2835 674 2919 viridesque
689 2855 783 2919 super
798 2831 1011 2896 madefecerat
1025 2829 1182 2904 herhas&
1222 2833 1277 2893 330

237 2933 304 2998 Hic
315 2935 449 3022 juvenis,
460 2937 527 3022 jam
543 2937 643 2999 victor
657 2957 765 3016 ovans,
779 2933 909 3020 vestigia
923 2955 1032 3020 presso

238 3038 337 3103 Haud
352 3039 449 3104 tenuit
464 3040 596 3104 titubata
611 3038 697 3119 solo;
717 3038 775 3115 sed
790 3059 907 3124 pronus
923 3039 952 3102 iu
968 3039 1035 3124 ipso

237 3139 385 3205 Concidit
400 3141 619 3228 immundoque
638 3143 707 3206 frmo
723 3162 876 3226 sacroque
892 3163 1015 3206 cruore.

236 3241 309 3308 Non
324 3257 426 3310 tamen
443 3243 587 3332 Euryali,
602 3268 663 3310 non
678 3244 729 3309 ille
745 3244 860 3309 oblitus
874 3266 1034 3326 amorum

237 3343 320 3412 Nam
335 3369 403 3412 sese
418 3348 561 3434 opposuit
577 3343 671 3430 Solio,
686 3369 744 3434 per
758 3346 881 3412 lubrica
896 3367 1035 3432 surgens.

238 3449 294 3515 llle
304 3465 411 3532 „autem
427 3453 527 3540 spissi
541 3453 643 3540 jacuit
656 3451 815 3518 revolutus
829 3449 937 3515 areni.

238 3551 361 3620 Emicat
377 3553 544 3643 Euryalus,
558 3570 590 3621 et
604 3578 731 3620 munere
746 3555 846 3621 victor
861 3554 954 3618 aurici

239 3655 343 3723 Prima
358 3673 451 3741 tenet,
472 3659 645 3747 plausuque
660 3658 744 3726 volat
759 3659 946 3742 fremituque
961 3653 1110 3720 secundo.

239 3759 313 3826 Post
327 3762 487 3851 Helymus
501 3763 593 3844 subit,
608 3777 639 3828 et
654 3784 735 3827 nunc
750 3762 842 3826 tertia
863 3761 968 3846 palma
983 3759 1109 3823 Diores.
1201 3771 1219 3817 a

215 3905 217 3908 ·
238 3865 307 3932 Hic
322 3880 419 3932 totum
433 3889 540 3933 caveae
556 3889 734 3932 consessum
749 3865 880 3952 ingentis
895 3879 926 3929 et
942 3884 998 3928 ora

238 3969 342 4036 Prima
356 3985 479 4058 patrum
494 3973 613 4059 magnis
630 3971 731 4038 Salius
746 3968 935 4034 clamoribus
950 3967 1058 4054 implet
1072 3993 1081 4048 ;

237 4071 450 4159 Ereptumquo
465 4073 538 4140 dolo
554 4073 646 4140 reddi
661 4075 720 4139 sibi
734 4074 837 4160 poscit
851 4071 1013 4138 honorem.
