2648 5288
525 114 640 173 LIBER
662 117 736 172 v111.
1105 121 1164 174 283

103 259 219 330 Peltis
236 269 302 330 obit
318 281 423 346 totum,
437 269 623 354 praefulgens
639 270 791 354 unguibus
806 272 919 332 aureis.

163 371 269 436 Fama
283 372 377 453 volat,
391 395 521 458 parvam
536 372 638 438 subito
652 374 778 459 vulgata
791 396 850 459 per
865 373 984 452 urbem,

97 470 221 539 Ocius
235 479 284 540 ire
298 480 420 561 equites
430 476 591 562 Tyrrheni
606 476 648 542 ad
662 476 768 542 iimina
783 477 874 564 regis.
1097 482 1159 538 555

98 572 210 643 Vota
225 592 311 643 metu
325 578 487 664 duplicant
501 594 625 661 matres,
638 578 827 666 propitioque
841 576 961 666 periclo
1005 587 1013 607 '

100 678 142 745 lt
157 684 270 762 timor,
284 694 315 746 et
328 683 428 770 major
443 682 553 747 Martis
567 684 634 768 jam
650 696 781 768 apparet
795 685 909 768 imago.

99 781 204 847 Tum
219 797 313 869 pater
326 783 500 863 Evandrus,
512 784 658 849 dextram
672 785 854 871 complexus
869 787 980 864 euntis,

100 882 249 962 Haeret,
264 883 452 970 inexpletum
467 884 654 971 lacrymans,
668 907 707 950 ac
724 887 797 950 talia
811 887 911 950 fatur:

100 987 144 1053 Ο
159 986 247 1051 mihi
262 992 435 1072 praeteritos
450 990 566 1053 referat
580 993 606 1052 si
620 990 743 1074 Jupiter
758 991 873 1053 annos!
1097 993 1160 1052 560

102 1088 233 1173 Qualis
249 1110 345 1170 eram,
360 1112 454 1175 quum
468 1093 600 1175 primam
616 1093 714 1156 aciem
730 1093 885 1156 Praeneste
900 1089 959 1154 sub
974 1089 1043 1175 ipsi

104 1193 239 1272 stravi,
254 1206 472 1277 scutorumque
487 1193 609 1258 incendi
623 1195 724 1259 victor
738 1215 886 1285 acervos3

107 1294 159 1359 Et
175 1317 289 1381 regem
304 1295 364 1360 hic
380 1296 526 1361 Herilum
542 1295 654 1361 dextri
668 1298 727 1362 sub
742 1298 878 1362 Tartara
893 1297 973 1376 misi,

107 1396 276 1462 Nascenti
289 1400 340 1461 cui
356 1410 419 1462 tres
434 1402 554 1472 animas
570 1398 704 1463 Feronia
722 1414 821 1464 mater

105 1499 348 1581 (Homndum
362 1500 466 1585 dictu)
481 1500 622 1581 dederat,
640 1514 729 1566 terna
744 1524 830 1567 arma
846 1501 1039 1585 movendae
1096 1508 1157 1566 565

106 1602 188 1669 Ter
203 1603 268 1668 leto
282 1604 464 1669 sternendus
479 1618 565 1684 erat3
587 1608 638 1670 cui
653 1619 725 1671 tunc
739 1621 844 1671 tamen
857 1629 965 1672 omnes
1014 1644 1016 1649 ·

107 1706 263 1771 Abstulit
277 1708 345 1772 hec
360 1711 479 1773 animas
493 1707 614 1788 dextra,
629 1723 660 1773 et
674 1709 803 1775 totidem
818 1714 904 1774 exuit
919 1711 1031 1775 armist

111 1808 197 1877 lton
210 1833 365 1898 egenum
379 1811 463 1876 dulci
478 1812 624 1899 amplexu
639 1811 806 1878 divellerer
819 1835 960 1899 usquam,

111 1912 216 1995 Nate,
230 1928 305 1993 tuo;
325 1936 426 2000 neque
441 1915 586 1980 finitimus
601 1917 775 1981 Mezentius
789 1939 926 2001 unquam

113 2016 211 2083 Huic
226 2020 325 2109 capiti
339 2018 489 2085 insultans
504 2033 548 2084 tot
562 2022 646 2085 ferro
661 2020 898 2085 soeva'dedisset
1097 2025 1158 2083 570

114 2118 261 2201 Funera,
275 2110 339 2186 tam
353 2122 456 2186 multis
471 2121 630 2186 viduasset
644 2124 767 2187 civibus
782 2124 904 2187 urbem.

112 2226 164 2289 At
177 2244 246 2303 vos,
259 2244 280 2286 o
294 2223 414 2309 Superi,
429 2237 460 2304 et
473 2224 579 2289 divom
588 2237 628 2289 tu
642 2225 777 2289 maxime
797 2236 901 2289 rector

112 2324 257 2413 Jupiter,
270 2326 409 2405 Arcadii,
423 2348 538 2412 queso,
552 2329 744 2392 miserescite
759 2330 852 2413 regis,

116 2424 165 2493 Et
177 2427 299 2515 patrias
313 2428 417 2493 audite
431 2451 559 2514 preces:
583 2428 616 2492 Si
630 2430 756 2492 numina
771 2441 877 2492 vestra

117 2528 315 2595 lriooiumem
330 2529 471 2595 Pallanta
485 2529 574 2609 mihi,
587 2530 613 2594 si
628 2532 692 2594 sata
707 2544 888 2610 reservant3
964 2576 967 2581 >
1096 2536 1157 2595 575

120 2634 159 2699 si
171 2636 294 2699 visurus
308 2656 378 2699 eum
392 2635 474 2712 vivo,
488 2646 519 2697 et
533 2635 727 2731 ventur-aspin
742 2656 834 2699 unum
844 2659 866 2725 3!

119 2732 232 2801 Vitam
246 2756 323 2799 oros
346 2739 449 2820 patiar
463 2739 603 2818 quemvis
618 2734 733 2799 durare
748 2733 900 2800 laborem.

122 2836 179 2903 Sin
191 2838 330 2924 aliquem
346 2838 502 2903 infandum
518 2860 634 2918 casum,
649 2838 795 2917 Fortuna,
810 2839 953 2931 minaris3

124 2934 226 3020 lione,
239 2965 270 3022 o,
284 2964 365 3007 nunc
380 2942 472 3007 liceat
486 2941 645 3006 crudelem
659 2940 967 3025 abrumpere'vitam

124 3040 209 3111 Dan
222 3066 308 3110 curae
324 3045 488 3131 ambiguae,
503 3044 576 3108 dum
591 3065 663 3128 spes
677 3044 795 3107 incerta
810 3042 912 3122 futuri,
1094 3048 1155 3105 580

126 3142 209 3212 Dum
222 3159 264 3227 te,
278 3167 353 3211 care
367 3168 454 3231 puer,
469 3168 539 3210 mea
553 3165 624 3208 sera
639 3156 669 3207 et
683 3142 749 3206 sola
763 3140 914 3226 voluptas,

127 3246 301 3335 comptem
315 3262 425 3313 teneo:
447 3251 626 3334 graviorne
641 3245 762 3310 nuntius
777 3264 869 3307 aures

129 3346 291 3417 Vuineret.
336 3351 418 3417 Hoec
432 3351 552 3437 genitor
565 3348 706 3435 digressu
720 3346 806 3410 dicta
821 3365 963 3431 supremo

132 3450 290 3521 Fundebat
299 3474 317 3533 ε,
331 3452 439 3519 famuli
453 3452 624 3538 collapsum
638 3455 670 3515 in
685 3463 767 3515 tecta
782 3449 934 3514 serebant.
998 3485 1002 3491 ·

170 3556 301 3644 Jamque
316 3555 398 3622 aded
413 3560 534 3621 exierat
548 3555 644 3641 portis
659 3554 811 3637 equitatus
826 3552 964 3637 apertis:
1021 3570 1037 3585 ³
1093 3555 1154 3613 585

139 3656 242 3727 ΕΜ
254 3661 336 3725 inter
348 3662 466 3746 primos
480 3672 512 3723 et
526 3657 606 3722 fidus
620 3656 775 3734 Achatem
849 3662 853 3671 '

137 3752 205 3827 lude
218 3760 272 3828 aui
284 3760 391 3848 Trojae
403 3780 572 3848 proceres:
595 3757 661 3845 ipse
677 3760 799 3844 agmine
815 3753 919 3822 Pallas

67 4048 134 4328 ι
237 4386 245 4395 ,
