2772 4998
163 383 242 453 aas¹
615 357 805 442 muamus

207 535 293 601 Dum
308 533 418 600 domus
434 531 541 600 Esaeae
557 529 699 618 Capitoli
712 529 872 596 immobile
882 547 995 594 saxum

209 638 351 719 Accolet,
366 638 592 724 imperiumque
607 645 699 721 pater
715 633 876 698 Romanus
892 631 1036 700 habebit.
1111 645 1113 650 ’

253 743 401 808 Victores
415 739 524 827 prada
539 737 648 804 Rutuli
663 735 834 824 spoliisque
848 735 939 823 potiti
1195 741 1260 798 450

210 845 413 912 Volscentem
428 843 607 908 exanimum
622 833 776 906 flentes'in
791 851 898 904 castra
911 837 1066 902 ferebant.

209 951 279 1015 Nec
295 949 395 1014 minor
409 949 442 1012 in
456 947 569 1012 castris
583 946 694 1025 luctus,
709 943 887 1008 Rhamnete
901 955 1029 1028 reperto

210 1051 382 1139 Exsartgui,
395 1061 427 1115 et
440 1051 552 1136 primis
566 1047 628 1114 uni
644 1061 689 1112 tot
702 1045 791 1111 crede
806 1045 988 1132 peremptis,

211 1155 421 1242 Serranoque,
435 1149 621 1237 Numaque3
643 1150 750 1237 ingens
764 1170 935 1214 concursus
951 1147 991 1214 ad
1007 1151 1076 1233 ipsa

210 1257 364 1344 Corpora,
379 1255 614 1342 seminecesque
630 1253 723 1334 viros,
738 1251 905 1338 tepidique
920 1264 1079 1318 recentem

211 1358 311 1424 Caede
326 1359 438 1438 locum,
454 1371 486 1422 et
499 1356 593 1443 pleno
606 1369 786 1442 spumantes
801 1355 950 1440 sanguine
964 1357 1061 1418 droa.

211 1466 393 1550 Agnoscunt
406 1459 508 1548 spolia
523 1462 605 1526 inter
619 1481 664 1539 se,
677 1459 865 1547 galeamque
879 1458 1027 1522 nitentem

212 1567 363 1652 Messapi,
377 1577 408 1630 et
422 1563 520 1630 multo
534 1563 682 1650 phaleras
697 1561 812 1628 sudore
827 1573 984 1647 receptas.

256 1668 297 1735 Et
306 1670 375 1757 jam
389 1671 490 1755 prima
505 1690 587 1732 novo
601 1668 773 1754 spargebat
789 1664 904 1730 lumine
919 1677 1021 1730 terras

213 1771 344 1838 Tithoni
359 1791 507 1836 croceum
522 1769 666 1857 linquens
681 1773 805 1834 Aurora
820 1767 946 1848 cubile3
1199 1771 1264 1831 460

214 1877 287 1962 Jam
301 1875 367 1941 sole
381 1876 493 1954 inluso,
504 1876 571 1963 jam
586 1875 682 1940 rebus
697 1875 767 1940 luce
777 1876 917 1953 retectis,

213 1967 340 2046 Turnus
355 1982 388 2044 in
403 1999 492 2046 arma
506 1965 602 2059 viros,
617 1979 711 2044 armis
725 1977 940 2044 circumdatus
956 1975 1034 2061 ipse,

216 2083 361 2165 Suscitat,
376 2096 553 2168 cratesque
569 2083 654 2148 acies
669 2085 702 2148 in
716 2066 831 2168 proelia
845 2084 947 2167 cogit:
1059 2135 1063 2145 .

215 2188 356 2274 Quisque
371 2209 462 2268 suos;
482 2188 644 2272 variisque
658 2201 774 2252 acuunt
788 2185 965 2252 rumoribus
980 2186 1057 2248 iras.

214 2292 299 2375 Quin
313 2292 382 2378 ipsa
396 2294 542 2372 arrectis,
555 2293 624 2356 usu
639 2289 830 2369 miserabile,
844 2291 876 2354 in
893 2288 990 2354 hastis
1198 2293 1263 2352 405

214 2396 383 2483 Praeiigunt
396 2398 512 2481 capita,
527 2408 559 2460 et
572 2393 669 2460 multo
683 2394 823 2462 clamore
839 2407 1021 2479 sequuntur,

216 2501 350 2588 Euryali
366 2515 397 2565 et
412 2499 490 2566 Nisi.

215 2601 370 2670 AEneadae
381 2602 453 2668 duri
468 2624 627 2668 murorum
642 2604 672 2668 in
686 2616 778 2689 parte
789 2604 918 2670 sinistra

216 2707 403 2796 Opposutire
418 2707 529 2788 aciem,
544 2729 616 2772 nam
630 2706 764 2772 dextera
777 2709 914 2795 cingitur
928 2713 1022 2788 amni,

216 2813 422 2899 Ingentesque
438 2823 544 2876 tenent
558 2810 668 2890 fossas,
683 2825 714 2875 et
728 2811 867 2876 turribus
881 2811 953 2878 altis
1202 2817 1268 2888 470

218 2917 306 2980 Stant
321 2911 441 2978 moesti:
463 2912 555 2976 simul
569 2935 626 2976 ora
642 2913 744 2978 virum
759 2913 890 3000 prefixa
905 2913 1085 2996 movebant,

217 3017 299 3082 Nota
315 3015 405 3080 nimis
420 3015 551 3095 miseris,
567 3029 697 3102 atroque
713 3016 837 3082 fluentia
852 3017 939 3082 tabo.

217 3117 342 3184 loter'ea
355 3117 509 3204 pavidans
520 3117 654 3184 volitans
669 3133 806 3204 pennata
820 3141 879 3206 per
892 3121 1006 3186 urbem

216 3222 334 3287 Nuntia
349 3223 434 3288 lama
448 3225 521 3302 ruit,
536 3224 705 3307 matrisque
720 3224 882 3290 adlabitur
897 3245 990 3290 aures
1196 3223 1201 3285 l

218 3326 371 3414 Euryali:
395 3339 427 3392 at
442 3327 562 3392 subitus
578 3333 700 3394 miserae
715 3328 805 3395 calor
819 3349 891 3396 ossa
905 3329 1050 3416 reliquit;
1204 3337 1270 3396 475

218 3431 353 3494 Excussi
369 3429 513 3495 manibus
531 3431 621 3514 radii,
636 3433 845 3519 revolutaque
856 3455 956 3519 pensa
967 3457 990 3508 r¹

218 3533 333 3598 Evolat
347 3532 467 3614 infelix,
482 3548 513 3599 et
527 3535 675 3601 soemineo
690 3536 821 3618 ululatu,

219 3638 323 3702 Scissa
337 3657 470 3719 comam,
486 3659 592 3704 muros
607 3654 825 3727 emersasque
840 3645 968 3730 agmina
982 3663 1077 3706 cursu

219 3743 325 3806 Prima
338 3745 417 3828 petit
431 3765 440 3806 r
463 3763 525 3806 non
540 3742 595 3808 illa
610 3744 721 3825 virum,
735 3767 797 3810 non
813 3743 869 3812 illa
883 3745 997 3832 pericli

218 3846 431 3932 Telorumque
446 3867 586 3926 memor3
607 3847 852 3914 coelunadebinc
868 3849 1029 3936 questibus
1043 3847 1174 3934 implet:
1208 3853 1277 3914 480

221 3953 316 4015 Hunc
332 3971 390 4036 ego
405 3964 446 4031 te,
463 3949 613 4036 Euryale,
629 3952 792 4038 adspicio?
813 3966 887 4018 tune
902 3951 965 4034 ille,
979 3965 1117 4019 seneom

221 4055 298 4119 Sera
313 4074 389 4118 mee
404 4051 550 4136 requiest
571 4055 696 4139 potuisti
711 4055 854 4140 linquere
869 4055 986 4136 mlum,
