<?xml version="1.0" encoding="UTF-8"?>
<!DOCTYPE html PUBLIC "-//W3C//DTD XHTML 1.0 Transitional//EN"
    "http://www.w3.org/TR/xhtml1/DTD/xhtml1-transitional.dtd">
<html xmlns="http://www.w3.org/1999/xhtml" xml:lang="en" lang="en">
 <head>
  <title>
</title>
<meta http-equiv="Content-Type" content="text/html;charset=utf-8" />
  <meta name='ocr-system' content='tesseract 3.04.00' />
  <meta name='ocr-capabilities' content='ocr_page ocr_carea ocr_par ocr_line ocrx_word'/>
</head>
<body>
  <div class='ocr_page' id='page_1' title='image "./bucolicageorgic00goulgoog/bucolicageorgic00goulgoog_0090.png"; bbox 0 0 2648 5288; ppageno 0'>
   <div class='ocr_carea' id='block_1_1' title="bbox 0 34 763 2647">
    <p class='ocr_par' dir='ltr' id='par_1_1' title="bbox 0 34 763 2647">
     <span class='ocr_line' id='line_1_1' title="bbox 17 34 621 117; baseline 0 -19"><span class='ocrx_word' id='word_1_1' title='bbox 17 60 30 98; x_wconf 93' lang='lat' dir='ltr'><strong>s</strong></span> <span class='ocrx_word' id='word_1_2' title='bbox 46 51 76 99; x_wconf 91' lang='lat' dir='ltr'><strong>et</strong></span> <span class='ocrx_word' id='word_1_3' title='bbox 91 53 235 117; x_wconf 88' lang='lat' dir='ltr'><strong>torquens</strong></span> <span class='ocrx_word' id='word_1_4' title='bbox 249 39 396 98; x_wconf 88' lang='lat' dir='ltr'><strong>flaventes</strong></span> <span class='ocrx_word' id='word_1_5' title='bbox 410 34 487 101; x_wconf 87' lang='lat' dir='ltr'><strong>Ister</strong></span> <span class='ocrx_word' id='word_1_6' title='bbox 503 55 621 111; x_wconf 87' lang='lat' dir='ltr'><strong>arenas,</strong></span> 
     </span>
     <span class='ocr_line' id='line_1_2' title="bbox 0 140 739 225; baseline 0.003 -22"><span class='ocrx_word' id='word_1_7' title='bbox 0 171 3 180; x_wconf 95' lang='lat'>·</span> <span class='ocrx_word' id='word_1_8' title='bbox 25 142 103 203; x_wconf 90' lang='lat' dir='ltr'><strong>redit</strong></span> <span class='ocrx_word' id='word_1_9' title='bbox 118 141 253 204; x_wconf 91' lang='lat' dir='ltr'><strong>medium</strong></span> <span class='ocrx_word' id='word_1_10' title='bbox 269 140 423 225; x_wconf 83' lang='lat' dir='ltr'>Rhodope</span> <span class='ocrx_word' id='word_1_11' title='bbox 438 156 578 225; x_wconf 84' lang='lat' dir='ltr'><strong>porrecta</strong></span> <span class='ocrx_word' id='word_1_12' title='bbox 592 141 653 204; x_wconf 87' lang='lat' dir='ltr'><strong>sub&#39;</strong></span> <span class='ocrx_word' id='word_1_13' title='bbox 664 160 739 205; x_wconf 80' lang='lat' dir='ltr'><strong>axes</strong></span> 
     </span>
     <span class='ocr_line' id='line_1_3' title="bbox 6 245 696 331; baseline -0.006 -19"><span class='ocrx_word' id='word_1_14' title='bbox 6 270 59 312; x_wconf 90' lang='lat' dir='ltr'><strong>usa</strong></span> <span class='ocrx_word' id='word_1_15' title='bbox 73 261 177 310; x_wconf 87' lang='lat' dir='ltr'><strong>renent</strong></span> <span class='ocrx_word' id='word_1_16' title='bbox 192 247 315 310; x_wconf 84' lang='lat' dir='ltr'><strong>stabulis</strong></span> <span class='ocrx_word' id='word_1_17' title='bbox 331 263 465 311; x_wconf 88' lang='lat' dir='ltr'><strong>armenta</strong></span> <span class='ocrx_word' id='word_1_18' title='bbox 480 270 490 325; x_wconf 80' lang='lat'>3</span> <span class='ocrx_word' id='word_1_19' title='bbox 511 268 611 331; x_wconf 88' lang='lat' dir='ltr'><strong>neque</strong></span> <span class='ocrx_word' id='word_1_20' title='bbox 628 245 696 310; x_wconf 78' lang='lat' dir='ltr'><strong>ulle</strong></span> 
     </span>
     <span class='ocr_line' id='line_1_4' title="bbox 9 353 702 439; baseline -0.006 -21"><span class='ocrx_word' id='word_1_21' title='bbox 9 358 53 418; x_wconf 85' lang='lat' dir='ltr'><strong>bae</strong></span> <span class='ocrx_word' id='word_1_22' title='bbox 70 376 180 438; x_wconf 89' lang='lat' dir='ltr'><strong>campo</strong></span> <span class='ocrx_word' id='word_1_23' title='bbox 195 370 351 439; x_wconf 80' lang='lat' dir='ltr'><strong>apparent,</strong></span> <span class='ocrx_word' id='word_1_24' title='bbox 367 370 418 418; x_wconf 86' lang='lat' dir='ltr'><strong>aut</strong></span> <span class='ocrx_word' id='word_1_25' title='bbox 434 356 541 419; x_wconf 88' lang='lat' dir='ltr'><strong>arbore</strong></span> <span class='ocrx_word' id='word_1_26' title='bbox 558 353 702 418; x_wconf 83' lang='lat' dir='ltr'><strong>frondes:</strong></span> 
     </span>
     <span class='ocr_line' id='line_1_5' title="bbox 7 459 589 545; baseline -0.002 -21"><span class='ocrx_word' id='word_1_27' title='bbox 7 478 37 524; x_wconf 90' lang='lat' dir='ltr'><strong>et</strong></span> <span class='ocrx_word' id='word_1_28' title='bbox 52 461 211 545; x_wconf 77' lang='lat' dir='ltr'>aggeribus</span> <span class='ocrx_word' id='word_1_29' title='bbox 226 461 321 523; x_wconf 88' lang='lat' dir='ltr'><strong>niveis</strong></span> <span class='ocrx_word' id='word_1_30' title='bbox 331 459 467 524; x_wconf 81' lang='lat' dir='ltr'><strong>informis</strong></span> <span class='ocrx_word' id='word_1_31' title='bbox 483 475 513 524; x_wconf 88' lang='lat' dir='ltr'><strong>et</strong></span> <span class='ocrx_word' id='word_1_32' title='bbox 528 461 589 525; x_wconf 88' lang='lat' dir='ltr'><strong>alto</strong></span> 
     </span>
     <span class='ocr_line' id='line_1_6' title="bbox 11 564 657 648; baseline 0.003 -20.967"><span class='ocrx_word' id='word_1_33' title='bbox 11 567 60 627; x_wconf 90' lang='lat' dir='ltr'><strong>clu</strong></span> <span class='ocrx_word' id='word_1_34' title='bbox 77 565 147 640; x_wconf 74' lang='lat' dir='ltr'><strong>late,</strong></span> <span class='ocrx_word' id='word_1_35' title='bbox 164 577 343 647; x_wconf 84' lang='lat' dir='ltr'><strong>septemque</strong></span> <span class='ocrx_word' id='word_1_36' title='bbox 361 567 488 648; x_wconf 80' lang='lat' dir='ltr'>assurgit</span> <span class='ocrx_word' id='word_1_37' title='bbox 503 565 533 628; x_wconf 93' lang='lat' dir='ltr'><strong>in</strong></span> <span class='ocrx_word' id='word_1_38' title='bbox 549 564 657 644; x_wconf 89' lang='lat' dir='ltr'><strong>ulnas;</strong></span> 
     </span>
     <span class='ocr_line' id='line_1_7' title="bbox 1 669 666 752; baseline 0.009 -24"><span class='ocrx_word' id='word_1_39' title='bbox 1 723 2 728; x_wconf 73' lang='grc'>,</span> <span class='ocrx_word' id='word_1_40' title='bbox 22 671 130 744; x_wconf 86' lang='lat' dir='ltr'><strong>hiems,</strong></span> <span class='ocrx_word' id='word_1_41' title='bbox 147 690 268 752; x_wconf 85' lang='lat' dir='ltr'><strong>semper</strong></span> <span class='ocrx_word' id='word_1_42' title='bbox 283 670 430 752; x_wconf 79' lang='lat' dir='ltr'><strong>spirantes</strong></span> <span class='ocrx_word' id='word_1_43' title='bbox 445 669 556 752; x_wconf 78' lang='lat' dir='ltr'><strong>frigora</strong></span> <span class='ocrx_word' id='word_1_44' title='bbox 570 672 666 735; x_wconf 85' lang='lat' dir='ltr'><strong>cauri.</strong></span> 
     </span>
     <span class='ocr_line' id='line_1_8' title="bbox 5 775 724 858; baseline 0.011 -27"><span class='ocrx_word' id='word_1_45' title='bbox 5 776 28 836; x_wconf 70' lang='grc' dir='ltr'><strong>,Ι</strong></span> <span class='ocrx_word' id='word_1_46' title='bbox 41 777 188 858; x_wconf 80' lang='lat' dir='ltr'><strong>pallentes</strong></span> <span class='ocrx_word' id='word_1_47' title='bbox 203 775 284 837; x_wconf 91' lang='lat' dir='ltr'><strong>haud</strong></span> <span class='ocrx_word' id='word_1_48' title='bbox 301 794 433 857; x_wconf 84' lang='lat' dir='ltr'><strong>unquam</strong></span> <span class='ocrx_word' id='word_1_49' title='bbox 449 775 571 838; x_wconf 85' lang='lat' dir='ltr'><strong>discutit</strong></span> <span class='ocrx_word' id='word_1_50' title='bbox 584 777 707 839; x_wconf 86' lang='lat' dir='ltr'><strong>umbras</strong></span> <span class='ocrx_word' id='word_1_51' title='bbox 713 798 724 854; x_wconf 90' lang='lat'>;</span> 
     </span>
     <span class='ocr_line' id='line_1_9' title="bbox 1 879 748 964; baseline 0.003 -23"><span class='ocrx_word' id='word_1_52' title='bbox 1 889 54 941; x_wconf 91' lang='lat' dir='ltr'><strong>&#39;um</strong></span> <span class='ocrx_word' id='word_1_53' title='bbox 70 881 207 943; x_wconf 85' lang='lat' dir='ltr'><strong>invectus</strong></span> <span class='ocrx_word' id='word_1_54' title='bbox 221 880 307 962; x_wconf 89' lang='lat' dir='ltr'><strong>cquis</strong></span> <span class='ocrx_word' id='word_1_55' title='bbox 322 879 415 940; x_wconf 81' lang='lat' dir='ltr'><strong>altum</strong></span> <span class='ocrx_word' id='word_1_56' title='bbox 432 880 506 962; x_wconf 88' lang='lat' dir='ltr'><strong>petit</strong></span> <span class='ocrx_word' id='word_1_57' title='bbox 521 880 641 955; x_wconf 77' lang='lat' dir='ltr'><strong>athera,</strong></span> <span class='ocrx_word' id='word_1_58' title='bbox 656 902 716 943; x_wconf 89' lang='lat' dir='ltr'><strong>nec</strong></span> <span class='ocrx_word' id='word_1_59' title='bbox 731 901 748 964; x_wconf 88' lang='lat' dir='ltr'>q</span> 
     </span>
     <span class='ocr_line' id='line_1_10' title="bbox 1 984 680 1068; baseline 0 -22"><span class='ocrx_word' id='word_1_60' title='bbox 1 988 67 1046; x_wconf 85' lang='lat' dir='ltr'><strong>item</strong></span> <span class='ocrx_word' id='word_1_61' title='bbox 84 985 202 1049; x_wconf 88' lang='lat' dir='ltr'><strong>Oceani</strong></span> <span class='ocrx_word' id='word_1_62' title='bbox 220 985 309 1047; x_wconf 91' lang='lat' dir='ltr'><strong>rubro</strong></span> <span class='ocrx_word' id='word_1_63' title='bbox 324 984 395 1065; x_wconf 74' lang='lat' dir='ltr'><strong>lavit</strong></span> <span class='ocrx_word' id='word_1_64' title='bbox 410 1003 531 1068; x_wconf 80' lang='lat' dir='ltr'><strong>equore</strong></span> <span class='ocrx_word' id='word_1_65' title='bbox 546 1004 680 1048; x_wconf 87' lang='lat' dir='ltr'><strong>currum.</strong></span> 
     </span>
     <span class='ocr_line' id='line_1_11' title="bbox 0 1088 671 1167; baseline 0 -14"><span class='ocrx_word' id='word_1_66' title='bbox 0 1105 87 1153; x_wconf 90' lang='lat' dir='ltr'><strong>cunt</strong></span> <span class='ocrx_word' id='word_1_67' title='bbox 102 1091 205 1153; x_wconf 81' lang='lat' dir='ltr'><strong>subite</strong></span> <span class='ocrx_word' id='word_1_68' title='bbox 220 1089 352 1152; x_wconf 85' lang='lat' dir='ltr'><strong>currenti</strong></span> <span class='ocrx_word' id='word_1_69' title='bbox 368 1090 398 1152; x_wconf 95' lang='lat' dir='ltr'><strong>in</strong></span> <span class='ocrx_word' id='word_1_70' title='bbox 415 1088 538 1151; x_wconf 84' lang='lat' dir='ltr'><strong>flumine</strong></span> <span class='ocrx_word' id='word_1_71' title='bbox 553 1104 671 1167; x_wconf 70' lang='lat' dir='ltr'><strong>crustu,</strong></span> 
     </span>
     <span class='ocr_line' id='line_1_12' title="bbox 0 1194 605 1281; baseline -0.005 -22"><span class='ocrx_word' id='word_1_72' title='bbox 0 1219 27 1259; x_wconf 86' lang='lat' dir='ltr'><strong>c</strong></span> <span class='ocrx_word' id='word_1_73' title='bbox 39 1197 104 1281; x_wconf 88' lang='lat' dir='ltr'><strong>jam</strong></span> <span class='ocrx_word' id='word_1_74' title='bbox 120 1212 206 1278; x_wconf 85' lang='lat' dir='ltr'><strong>tergo</strong></span> <span class='ocrx_word' id='word_1_75' title='bbox 222 1194 349 1259; x_wconf 85' lang='lat' dir='ltr'><strong>serratos</strong></span> <span class='ocrx_word' id='word_1_76' title='bbox 364 1196 490 1259; x_wconf 89' lang='lat' dir='ltr'><strong>sustinet</strong></span> <span class='ocrx_word' id='word_1_77' title='bbox 504 1194 605 1272; x_wconf 88' lang='lat' dir='ltr'><strong>orbes,</strong></span> 
     </span>
     <span class='ocr_line' id='line_1_13' title="bbox 10 1300 738 1386; baseline -0.001 -22"><span class='ocrx_word' id='word_1_78' title='bbox 10 1325 33 1365; x_wconf 83' lang='lat' dir='ltr'><strong>ts</strong></span> <span class='ocrx_word' id='word_1_79' title='bbox 48 1303 99 1365; x_wconf 86' lang='lat' dir='ltr'><strong>illu</strong></span> <span class='ocrx_word' id='word_1_80' title='bbox 114 1300 197 1386; x_wconf 83' lang='lat' dir='ltr'><strong>priris</strong></span> <span class='ocrx_word' id='word_1_81' title='bbox 212 1303 332 1386; x_wconf 85' lang='lat' dir='ltr'><strong>patulis,</strong></span> <span class='ocrx_word' id='word_1_82' title='bbox 348 1322 429 1365; x_wconf 89' lang='lat' dir='ltr'><strong>nunc</strong></span> <span class='ocrx_word' id='word_1_83' title='bbox 444 1300 562 1385; x_wconf 87' lang='lat' dir='ltr'><strong>hospita</strong></span> <span class='ocrx_word' id='word_1_84' title='bbox 577 1300 738 1386; x_wconf 83' lang='lat' dir='ltr'><strong>plaustris:</strong></span> 
     </span>
     <span class='ocr_line' id='line_1_14' title="bbox 0 1408 637 1492; baseline -0.003 -19"><span class='ocrx_word' id='word_1_85' title='bbox 0 1438 5 1447; x_wconf 93' lang='lat'><em>·</em></span> <span class='ocrx_word' id='word_1_86' title='bbox 28 1410 175 1473; x_wconf 91' lang='lat' dir='ltr'><strong>dissiliunt</strong></span> <span class='ocrx_word' id='word_1_87' title='bbox 189 1408 290 1492; x_wconf 83' lang='lat' dir='ltr'><strong>vuigb,</strong></span> <span class='ocrx_word' id='word_1_88' title='bbox 306 1423 468 1491; x_wconf 87' lang='lat' dir='ltr'><strong>vestesque</strong></span> <span class='ocrx_word' id='word_1_89' title='bbox 484 1409 637 1489; x_wconf 84' lang='lat' dir='ltr'><strong>rigescunt</strong></span> 
     </span>
     <span class='ocr_line' id='line_1_15' title="bbox 1 1513 607 1595; baseline -0.007 -16"><span class='ocrx_word' id='word_1_90' title='bbox 1 1565 2 1579; x_wconf 38' lang='lat' dir='ltr'><strong>t</strong></span> <span class='ocrx_word' id='word_1_91' title='bbox 18 1515 198 1595; x_wconf 77' lang='lat' dir='ltr'><strong>caduntque</strong></span> <span class='ocrx_word' id='word_1_92' title='bbox 214 1513 372 1575; x_wconf 86' lang='lat' dir='ltr'><strong>securibus</strong></span> <span class='ocrx_word' id='word_1_93' title='bbox 387 1513 512 1575; x_wconf 88' lang='lat' dir='ltr'><strong>humida</strong></span> <span class='ocrx_word' id='word_1_94' title='bbox 528 1513 607 1588; x_wconf 88' lang='lat' dir='ltr'><strong>vina,</strong></span> 
     </span>
     <span class='ocr_line' id='line_1_16' title="bbox 16 1614 609 1695; baseline -0.002 -19"><span class='ocrx_word' id='word_1_95' title='bbox 16 1617 142 1678; x_wconf 86' lang='lat' dir='ltr'><strong>solidam</strong></span> <span class='ocrx_word' id='word_1_96' title='bbox 158 1616 188 1676; x_wconf 94' lang='lat' dir='ltr'><strong>in</strong></span> <span class='ocrx_word' id='word_1_97' title='bbox 204 1616 333 1695; x_wconf 84' lang='lat' dir='ltr'><strong>glaciem</strong></span> <span class='ocrx_word' id='word_1_98' title='bbox 350 1614 467 1677; x_wconf 70' lang='lat' dir='ltr'><strong>vertere</strong></span> <span class='ocrx_word' id='word_1_99' title='bbox 483 1615 609 1691; x_wconf 79' lang='lat' dir='ltr'><strong>lacuna,</strong></span> 
     </span>
     <span class='ocr_line' id='line_1_17' title="bbox 0 1717 578 1802; baseline 0.002 -21"><span class='ocrx_word' id='word_1_100' title='bbox 0 1743 27 1781; x_wconf 52' lang='lat' dir='ltr'><strong>tc</strong></span> <span class='ocrx_word' id='word_1_101' title='bbox 44 1719 174 1802; x_wconf 83' lang='lat' dir='ltr'><strong>impexis</strong></span> <span class='ocrx_word' id='word_1_102' title='bbox 185 1717 317 1782; x_wconf 90' lang='lat' dir='ltr'><strong>induruit</strong></span> <span class='ocrx_word' id='word_1_103' title='bbox 331 1720 452 1784; x_wconf 88' lang='lat' dir='ltr'><strong>horrida</strong></span> <span class='ocrx_word' id='word_1_104' title='bbox 466 1721 578 1785; x_wconf 87' lang='lat' dir='ltr'><strong>barbis.</strong></span> 
     </span>
     <span class='ocr_line' id='line_1_18' title="bbox 9 1819 480 1907; baseline 0 -23"><span class='ocrx_word' id='word_1_105' title='bbox 9 1836 72 1884; x_wconf 82' lang='lat' dir='ltr'><strong>totu</strong></span> <span class='ocrx_word' id='word_1_106' title='bbox 87 1842 147 1883; x_wconf 94' lang='lat' dir='ltr'><strong>non</strong></span> <span class='ocrx_word' id='word_1_107' title='bbox 162 1819 263 1885; x_wconf 80' lang='lat' dir='ltr'><strong>seciirs</strong></span> <span class='ocrx_word' id='word_1_108' title='bbox 278 1824 351 1886; x_wconf 69' lang='lat' dir='ltr'><strong>aire</strong></span> <span class='ocrx_word' id='word_1_109' title='bbox 366 1822 480 1907; x_wconf 84' lang='lat' dir='ltr'><strong>ningit:</strong></span> 
     </span>
     <span class='ocr_line' id='line_1_19' title="bbox 19 1927 701 2014; baseline 0.01 -26"><span class='ocrx_word' id='word_1_110' title='bbox 19 1944 30 1989; x_wconf 92' lang='lat' dir='ltr'><strong>t</strong></span> <span class='ocrx_word' id='word_1_111' title='bbox 44 1929 204 2012; x_wconf 88' lang='lat' dir='ltr'><strong>pecudes;</strong></span> <span class='ocrx_word' id='word_1_112' title='bbox 227 1942 304 1991; x_wconf 82' lang='lat' dir='ltr'><strong>stent</strong></span> <span class='ocrx_word' id='word_1_113' title='bbox 319 1927 504 1993; x_wconf 85' lang='lat' dir='ltr'><strong>circumfusa</strong></span> <span class='ocrx_word' id='word_1_114' title='bbox 518 1932 632 2014; x_wconf 89' lang='lat' dir='ltr'><strong>pruinis</strong></span> <span class='ocrx_word' id='word_1_115' title='bbox 695 2000 701 2011; x_wconf 66' lang='grc'><strong>,</strong></span> 
     </span>
     <span class='ocr_line' id='line_1_20' title="bbox 0 2033 723 2122; baseline 0.015 -31"><span class='ocrx_word' id='word_1_116' title='bbox 0 2062 7 2091; x_wconf 62' lang='lat'><em>2</em></span> <span class='ocrx_word' id='word_1_117' title='bbox 31 2056 140 2119; x_wconf 88' lang='lat' dir='ltr'><strong>magna</strong></span> <span class='ocrx_word' id='word_1_118' title='bbox 154 2036 270 2113; x_wconf 84' lang='lat' dir='ltr'><strong>boum3</strong></span> <span class='ocrx_word' id='word_1_119' title='bbox 292 2033 490 2122; x_wconf 83' lang='lat' dir='ltr'><strong>consertoque</strong></span> <span class='ocrx_word' id='word_1_120' title='bbox 506 2037 626 2119; x_wconf 85' lang='lat' dir='ltr'><strong>agmins</strong></span> <span class='ocrx_word' id='word_1_121' title='bbox 641 2041 723 2102; x_wconf 89' lang='lat' dir='ltr'><strong>cervi</strong></span> 
     </span>
     <span class='ocr_line' id='line_1_21' title="bbox 2 2139 763 2231; baseline 0.007 -28"><span class='ocrx_word' id='word_1_122' title='bbox 2 2155 13 2203; x_wconf 88' lang='lat' dir='ltr'><strong>t</strong></span> <span class='ocrx_word' id='word_1_123' title='bbox 29 2141 108 2203; x_wconf 88' lang='lat' dir='ltr'><strong>mole</strong></span> <span class='ocrx_word' id='word_1_124' title='bbox 124 2139 212 2218; x_wconf 69' lang='lat' dir='ltr'><strong>norb,</strong></span> <span class='ocrx_word' id='word_1_125' title='bbox 229 2155 261 2231; x_wconf 78' lang='lat' dir='ltr'><strong>et</strong></span> <span class='ocrx_word' id='word_1_126' title='bbox 275 2143 400 2206; x_wconf 90' lang='lat' dir='ltr'><strong>summis</strong></span> <span class='ocrx_word' id='word_1_127' title='bbox 414 2143 466 2206; x_wconf 86' lang='lat' dir='ltr'><strong>vix</strong></span> <span class='ocrx_word' id='word_1_128' title='bbox 481 2143 623 2208; x_wconf 87' lang='lat' dir='ltr'><strong>cornibus</strong></span> <span class='ocrx_word' id='word_1_129' title='bbox 637 2158 763 2210; x_wconf 78' lang='lat' dir='ltr'><strong>exstant</strong></span> 
     </span>
     <span class='ocr_line' id='line_1_22' title="bbox 34 2245 643 2325; baseline 0.008 -18"><span class='ocrx_word' id='word_1_130' title='bbox 34 2245 175 2308; x_wconf 89' lang='lat' dir='ltr'><strong>immissis</strong></span> <span class='ocrx_word' id='word_1_131' title='bbox 189 2246 325 2322; x_wconf 86' lang='lat' dir='ltr'><strong>canibus,</strong></span> <span class='ocrx_word' id='word_1_132' title='bbox 340 2268 401 2311; x_wconf 88' lang='lat' dir='ltr'><strong>nou</strong></span> <span class='ocrx_word' id='word_1_133' title='bbox 416 2249 551 2311; x_wconf 88' lang='lat' dir='ltr'><strong>cassibus</strong></span> <span class='ocrx_word' id='word_1_134' title='bbox 566 2250 643 2325; x_wconf 88' lang='lat' dir='ltr'><strong>ullis,</strong></span> 
     </span>
     <span class='ocr_line' id='line_1_23' title="bbox 0 2351 637 2438; baseline 0.003 -25"><span class='ocrx_word' id='word_1_135' title='bbox 0 2373 58 2414; x_wconf 68' lang='lat' dir='ltr'><strong>rve</strong></span> <span class='ocrx_word' id='word_1_136' title='bbox 75 2352 186 2436; x_wconf 82' lang='lat' dir='ltr'><strong>agitant</strong></span> <span class='ocrx_word' id='word_1_137' title='bbox 201 2352 326 2437; x_wconf 86' lang='lat' dir='ltr'><strong>pavidos</strong></span> <span class='ocrx_word' id='word_1_138' title='bbox 342 2351 501 2417; x_wconf 81' lang='lat' dir='ltr'><strong>formidine</strong></span> <span class='ocrx_word' id='word_1_139' title='bbox 517 2355 637 2438; x_wconf 82' lang='lat' dir='ltr'><strong>pinnae3</strong></span> 
     </span>
     <span class='ocr_line' id='line_1_24' title="bbox 7 2455 714 2541; baseline 0.006 -22"><span class='ocrx_word' id='word_1_140' title='bbox 7 2470 67 2519; x_wconf 87' lang='lat' dir='ltr'><strong>stra</strong></span> <span class='ocrx_word' id='word_1_141' title='bbox 82 2455 253 2541; x_wconf 84' lang='lat' dir='ltr'><strong>oppositum</strong></span> <span class='ocrx_word' id='word_1_142' title='bbox 269 2456 424 2520; x_wconf 85' lang='lat' dir='ltr'><strong>trudentes</strong></span> <span class='ocrx_word' id='word_1_143' title='bbox 439 2464 564 2541; x_wconf 86' lang='lat' dir='ltr'><strong>pectcr&#39;e</strong></span> <span class='ocrx_word' id='word_1_144' title='bbox 580 2472 714 2523; x_wconf 85' lang='lat' dir='ltr'><strong>montem</strong></span> 
     </span>
     <span class='ocr_line' id='line_1_25' title="bbox 3 2559 726 2647; baseline 0.01 -24"><span class='ocrx_word' id='word_1_145' title='bbox 3 2584 58 2623; x_wconf 86' lang='lat' dir='ltr'><strong>nus</strong></span> <span class='ocrx_word' id='word_1_146' title='bbox 73 2564 253 2626; x_wconf 84' lang='lat' dir='ltr'><strong>obtruncant</strong></span> <span class='ocrx_word' id='word_1_147' title='bbox 268 2559 360 2638; x_wconf 83' lang='lat' dir='ltr'><strong>serre,</strong></span> <span class='ocrx_word' id='word_1_148' title='bbox 376 2563 567 2647; x_wconf 85' lang='lat' dir='ltr'><strong>graviterque</strong></span> <span class='ocrx_word' id='word_1_149' title='bbox 581 2565 726 2631; x_wconf 85' lang='lat' dir='ltr'><strong>rudentes</strong></span> 
     </span>
    </p>
   </div>
   <div class='ocr_carea' id='block_1_2' title="bbox 0 0 1328 5288">
    <p class='ocr_par' dir='ltr' id='par_1_2' title="bbox 0 0 1328 5288">
     <span class='ocr_line' id='line_1_26' title="bbox 0 0 1328 5288; baseline 0 0"><span class='ocrx_word' id='word_1_150' title='bbox 0 0 1328 5288; x_wconf 95' lang='lat' dir='ltr'><strong> </strong></span> 
     </span>
    </p>
   </div>
  </div>
 </body>
</html>
