2772 4998
139 385 203 445 flu
605 381 793 451 ENElDOE

192 533 226 599 ln
242 531 353 614 medio,
367 533 536 621 chlamyde
550 547 581 600 et
595 535 687 620 pictis
701 548 885 622 conspectus
898 537 930 604 ia
944 539 1057 618 eratin

192 635 304 716 Qualis
323 637 377 702 ubi
390 640 500 702 oceani
516 638 658 724 perfusus
672 637 801 702 Lucifer
814 638 907 720 nudi,

192 739 293 820 Quem
309 741 417 805 Venus
433 753 505 806 ante
520 741 597 808 elios
612 753 764 808 meorum
777 739 878 828 diligit
893 744 989 828 ignes,
1164 751 1234 812 090

193 841 313 906 Extulit
327 864 361 908 us
376 865 499 908 sacrum
514 841 605 922 caelo,
619 843 827 927 tenebrasque
841 843 979 910 resolvit.

194 945 283 1008 Stant
296 944 421 1029 pavidae
437 946 467 1010 in
480 945 575 1010 muris
591 958 713 1024 matres,
725 944 888 1032 oculisque
903 956 1072 1032 sequuntur

194 1046 378 1112 Pulvereaue
393 1049 516 1128 nubem,
530 1063 560 1114 et
575 1047 725 1133 fulgentes
738 1069 802 1112 aere
817 1061 973 1114 catervas.

194 1147 258 1212 Olli
272 1171 329 1235 per
343 1149 462 1228 dumos,
477 1150 538 1234 qui
552 1153 697 1236 proxima
712 1163 794 1214 meta
808 1151 940 1231 viarum,

194 1253 315 1318 Armati
330 1251 477 1318 tendunt:
499 1258 523 1318 it
537 1253 665 1332 clamor,
680 1265 721 1332 ct,
735 1256 856 1340 agmine
871 1255 965 1334 lacto,
1163 1259 1234 1320 090

194 1355 458 1440 Quadrupedante
472 1369 594 1441 putrem
609 1356 708 1422 sonitu
722 1357 820 1438 quatit
833 1355 947 1440 ringula
961 1375 1115 1441 cataplus.

195 1456 251 1520 Est
266 1460 372 1542 ingens
387 1457 522 1544 gelidum
537 1456 624 1522 lucus
639 1478 737 1542 prope
752 1455 876 1522 Caeritis
894 1479 1026 1538 amnem,

127 1555 130 1566 '
195 1555 373 1643 Relligione
387 1569 511 1643 patrum
526 1557 589 1624 late
604 1579 714 1622 sacer:
737 1557 873 1642 undique
888 1557 986 1624 colles

194 1665 353 1731 inclusere
368 1670 449 1746 cavi,
460 1681 491 1731 et
505 1665 592 1752 nigri
605 1689 715 1734 nemus
728 1665 834 1733 abiete
848 1669 986 1752 cingunt.

194 1765 321 1834 Silvano
335 1768 419 1839 lausa
429 1783 480 1834 est
495 1783 616 1834 veteres
631 1767 772 1836 sacrasse
789 1767 946 1854 Pelasgos,
1164 1772 1239 1836 000

194 1871 348 1939 Arvorum
362 1871 548 1956 pecorisque
563 1871 634 1952 deo,
648 1871 813 1956 lucumque
828 1869 984 1955 diemque,

194 1973 256 2056 Qui
270 1971 361 2056 primi
374 1973 452 2042 fines
466 1973 634 2059 aliquande
647 1972 790 2044 babudre
804 1972 945 2040 latinus.

195 2074 294 2140 Haud
309 2076 419 2160 procul
434 2077 507 2144 hinc
521 2077 649 2142 Tarcho
664 2089 695 2141 et
709 2075 870 2164 Tyrrheni
883 2089 949 2142 tuta
962 2075 1112 2146 terrebant

195 2175 310 2242 Castra
324 2176 421 2260 locis3
442 2171 589 2264 celsoque
603 2181 701 2247 omnis
715 2177 756 2248 de
771 2177 852 2246 colle
866 2178 967 2248 videri

193 2277 266 2342 Jam
280 2291 402 2364 poterat
416 2279 508 2368 legin,
522 2294 553 2344 et
567 2280 636 2346 latis
651 2279 956 2348 tendebatiuarvis·
1164 2285 1243 2350 000

195 2379 270 2444 Huc
285 2393 375 2466 pater
388 2379 507 2450 AEneas
522 2396 553 2451 et
568 2379 652 2448 belo
666 2382 747 2448 lecta
751 2383 899 2469 juventus

195 2481 382 2566 Succedunt,
396 2485 532 2572 fessique
547 2499 578 2550 et
592 2507 689 2572 equos
700 2500 735 2550 et
745 2506 882 2572 corpore
894 2497 1015 2552 cuent.

77 2597 85 2610 ·
237 2585 279 2649 At
294 2585 403 2650 Venus
417 2587 563 2654 atherius
577 2587 657 2654 iuter
671 2586 733 2656 dea
743 2585 884 2654 candida
898 2587 1036 2661 nitebas.

194 2683 289 2752 Dona
303 2687 409 2752 serens
421 2689 549 2761 aderatz
569 2703 739 2776 natumque
754 2691 784 2760 iu
798 2689 880 2760 valle
893 2685 1023 2756 reducti

195 2785 240 2851 Ut
254 2788 362 2872 procul
378 2790 501 2876 egelido
516 2805 669 2860 secretum
685 2791 808 2858 flumine
823 2791 910 2872 vidit,
1168 2799 1242 2860 010

195 2886 327 2952 Talibus
341 2887 436 2954 affata
451 2904 497 2958 est
511 2891 611 2974 dictis,
625 2915 722 2980 seque
736 2893 849 2960 obtulit
864 2895 962 2962 uiuo:

195 2989 243 3053 En
258 2989 399 3074 perlecta
414 2993 474 3056 mei
488 2993 641 3079 promissi
654 2997 793 3082 conjugis
808 3011 874 3064 arte

192 3089 347 3160 Munera:
368 3114 408 3158 ue
423 3115 496 3158 mox
511 3109 564 3160 aut
578 3095 762 3178 Laurentes,
776 3111 859 3179 uate,
874 3099 1036 3186 superbus,

195 3192 258 3256 Aut
273 3213 380 3260 acrem
394 3193 518 3264 dubites
533 3197 562 3262 in
576 3198 690 3284 proelia
703 3221 834 3286 poscere
849 3201 1002 3270 Tuaen.
1383 3255 1384 3286 l

146 3349 151 3367 ι
193 3291 295 3375 Dixit,
309 3308 340 3361 et
354 3299 515 3384 amplexus
530 3302 594 3366 nati
610 3300 773 3388 Cytherea
787 3302 914 3389 petivit:
1099 3299 1102 3304 ’
1167 3311 1242 3374 010
1383 3289 1384 3365 l

194 3396 291 3460 Arma
305 3398 364 3462 sub
378 3399 510 3466 adversa
525 3402 626 3486 posuit
639 3401 796 3469 radiantia
810 3426 939 3490 quercu.

195 3495 251 3561 llle
266 3498 334 3563 deae
349 3498 440 3564 donis
455 3514 486 3568 et
502 3515 586 3568 tanto
601 3503 687 3570 laetus
702 3504 821 3572 honore

195 3599 326 3686 Expleri
339 3603 454 3689 aequit,
469 3620 562 3690 atque
576 3593 683 3672 oculos
697 3629 754 3694 per
768 3607 888 3696 singula
901 3609 1018 3692 velvit;

196 3701 400 3788 Miraturque,
414 3709 556 3794 interque
572 3729 681 3774 manus
695 3723 726 3775 et
741 3711 872 3778 &achia
887 3729 992 3782 versat
1088 3777 1091 3783 Α
1382 3757 1383 3823 l

195 3804 383 3874 Terribilem
398 3812 499 3882 cristis
511 3811 635 3900 galeam
651 3814 852 3901 flammasque
868 3831 1062 3902 vomentem
1167 3824 1248 3893 020

196 3907 427 3998 Fatiserumque
443 3937 567 3996 ensem;
589 3915 718 3986 loricam
733 3941 773 3988 ex
789 3941 852 3991 aere
867 3923 1027 4008 rigentem,

197 4011 412 4099 Sanguineam,
423 4017 590 4105 ingentem,
605 4019 706 4107 qualis
721 4042 816 4107 quum
829 4023 947 4095 cende
956 4027 1060 4098 nubes
