2890 5002
593 465 710 528 LIBER
729 467 778 528 lll.

183 617 229 684 Et
242 629 333 704 pater
347 613 464 682 AEneas
480 626 511 680 et
525 617 986 716 avtmculusxexcitafflectori

230 718 324 784 'l’alia
338 717 491 784 tundebat
506 716 696 804 lacrymans,
710 721 879 808 longosque
893 725 999 792 ciebat

149 811 152 816 ’
185 821 349 886 Incassum
364 819 474 899 fletus3
496 841 592 905 quum
606 841 674 886 sese
690 843 710 888 a
724 824 878 890 moenibus
892 824 987 891 heros
1086 865 1091 878 ·
1156 825 1223 895 845

186 923 365 988 Priamides
379 921 484 988 multis
499 923 642 988 Helenus
656 927 876 992 comitantibus
891 927 991 1008 affert,

184 1029 402 1114 ,ignoscitque
415 1047 498 1108 suos,
512 1025 665 1114 letusque
679 1029 721 1094 ad
736 1029 844 1096 limina
858 1031 954 1112 ducit,

182 1131 231 1196 Et
245 1127 373 1196 multtim
387 1128 548 1216 lacrymas
562 1132 663 1195 verba
677 1135 760 1196 inter
773 1133 894 1220 singula
909 1133 1040 1206 tundit..

185 1233 343 1314 Procedo,
357 1247 388 1298 et
401 1253 533 1318 parvam
548 1231 687 1321 Trojam,
701 1235 909 1323 simulataque
923 1241 1044 1326 magnis

184 1334 353 1421 Pergama,
367 1347 398 1400 et
413 1347 553 1400 arentem
567 1333 686 1402 Xanthi
701 1341 885 1424 cognomine
899 1343 1012 1421 rivium,
1160 1347 1222 1408 850

159 1462 165 1468 ·
187 1437 343 1524 Agnosco,
358 1437 518 1522 Scaeaeque
533 1439 705 1524 amplector
720 1439 827 1506 limina
841 1455 952 1528 postte.
967 1475 975 1509 t

187 1537 333 1604 Necnon
350 1553 380 1604 ct
395 1540 513 1605 Teucri
528 1541 614 1606 socia
629 1542 720 1608 simul
735 1544 814 1608 urbe
828 1545 989 1611 frutmturc

186 1641 262 1706 lllos
275 1643 450 1727 porticibus
464 1665 523 1708 rex
537 1645 716 1743 accipiebat
730 1650 763 1712 in
778 1647 902 1734 amplis.

186 1745 283 1811 Aulai
298 1750 330 1811 in
345 1745 449 1811 medio
463 1747 610 1814 libabant
619 1741 734 1836 pocula
749 1751 881 1833 Bacchi,

185 1849 342 1936 impositis
357 1873 433 1915 auro
447 1851 594 1937 dapibus,
607 1867 796 1940 paterasque
811 1853 970 1920 tenebant.
1140 1873 1144 1888 '
1158 1856 1220 1924 356

229 1954 364 2039 Jamque
379 1954 458 2034 dies,
472 1954 614 2040 alterque
628 1956 697 2022 dies
711 1961 874 2042 processit,
888 1970 919 2023 at
933 1963 1020 2023 aurae'

100 2123 104 2130 ,
186 2055 275 2123 Vela
288 2069 411 2137 vocant,
425 2057 607 2144 tumidoque
622 2061 746 2126 inflatum
760 2062 912 2128 carbasus
927 2075 1042 2128 austro·

186 2161 252 2226 His
266 2172 370 2226 vatem
385 2161 553 2249 aggredior
566 2163 669 2244 dictis,
684 2185 722 2230 ac
737 2165 813 2230 talia
828 2185 954 2251 quaeso:

186 2263 377 2352 'li-ojdgena,
391 2269 546 2352 interpres
560 2267 678 2348 divum,
693 2272 746 2354 qui
761 2271 888 2333 numina
902 2267 1025 2348 Phoebt,

182 2367 251 2450 Qui
265 2367 414 2454 tripodas,
428 2367 530 2434 Clarii
546 2369 660 2451 lauros,
675 2375 729 2455 qui
743 2371 848 2435 sidera
862 2373 968 2452 sentis,
1157 2373 1220 2437 ³60

185 2468 228 2533 Et
242 2468 404 2535 volucrum
418 2469 548 2558 linguas,
563 2485 594 2536 et
607 2475 756 2566 proppetis
770 2475 875 2537 omina
889 2492 1009 2557 peunae,

184 2569 270 2636 Fare
285 2593 342 2658 age
356 2571 505 2657 (namque
519 2593 643 2636 omnem
657 2593 782 2637 cursum
797 2571 875 2636 mihi
888 2593 1041 2659 prospera
1055 2571 1136 2640 dixit

186 2669 335 2761 Belligio,
350 2687 383 2737 et
396 2675 500 2738 cuncti
514 2673 817 2738 suaserunt'numine
832 2672 899 2738 divi

184 2773 309 2840 Iulian
324 2787 442 2860 petere,
458 2789 488 2840 et
502 2789 603 2842 tenos
618 2789 739 2841 tenure
754 2775 915 2863 repostas:
1350 2859 1354 2866 ι

182 2878 261 2943 Sola
275 2901 397 2960 novum,
412 2878 561 2965 dictuque
576 2879 673 2960 nefas,
688 2879 839 2964 Harpyia
855 2878 985 2946 Celaeno
1157 2882 1219 2946 365

183 2979 368 3068 Prodigium
381 2986 476 3064 canit,
490 2993 522 3047 et
535 2985 639 3046 tristes
653 2981 815 3048 denuntiat
828 2985 903 3063 iras,
1083 2993 1084 2996 ’

179 3085 438 3178 Obscoenamque
453 3086 590 3168 famem),
606 3105 675 3169 quat
690 3087 792 3170 prima
806 3085 948 3170 pericula
961 3085 1076 3176 vitoll

180 3187 309 3270 Quidve
324 3208 458 3273 sequens
471 3201 573 3252 tantos
587 3189 703 3272 possim
717 3205 868 3272 superare
879 3184 1028 3252 labores?

182 3289 254 3355 Hic
268 3290 421 3370 Helenus,
435 3293 526 3356 caesis
539 3287 674 3375 primdm
688 3287 728 3353 de
743 3309 829 3354 more
839 3289 993 3375 juvencis,

181 3393 307 3458 Exorat
320 3413 433 3479 pacem
448 3392 564 3472 dinan,
579 3395 733 3476 vittasque
747 3388 876 3456 resolvit
1155 3403 1217 3464 sto

183 3499 310 3580 Sacrati
324 3500 449 3584 capitis,
463 3517 575 3582 meque
590 3494 632 3560 ad
647 3509 699 3561 tus
714 3495 831 3574 limina,
848 3487 977 3574 Phoebe,

182 3599 257 3686 lpse
271 3599 475 3698 manumulto
489 3601 811 3686 suspensumnumine
819 3595 931 3693 ,ducit3

181 3703 290 3787 Atque
304 3701 373 3768 bac
387 3701 503 3794 deinde
514 3705 598 3768 canit
612 3701 719 3766 divino
734 3721 775 3764 ex
789 3719 843 3764 ore
857 3696 1025 3766 sacerdos:

229 3803 311 3870 Nate
325 3804 397 3887 des,
410 3825 484 3870 nam
497 3818 530 3869 te
543 3805 713 3893 majoribus
727 3806 774 3867 ire
788 3822 846 3889 per
860 3800 956 3868 altum

163 3906 522 3992 ,Auspiciismanil'esta
536 3905 631 3971 fides:
653 3907 699 3970 sic
713 3905 779 3970 iata
793 3902 887 3968 decim
900 3925 959 3968 ren
1153 3913 1214 3972 375

179 4009 328 4090 Sortitur,
342 4009 501 4096 volvitque
516 4009 621 4089 vices,
643 4011 670 4073 is
684 4009 814 4072 uertitur
827 4005 917 4071 ordo.

181 4113 296 4180 Pauca
309 4113 368 4180 tibi
383 4135 401 4180 c
416 4112 530 4195 multis,
545 4111 608 4202 qud
621 4115 716 4180 tutior
729 4109 853 4196 hospita
867 4108 978 4176 lustres
