2890 5002
555 485 672 552 uben
695 491 748 549 lli.

155 639 206 705 llle
221 660 317 718 meos,
332 642 452 724 primus
467 639 521 725 qui
535 661 584 704 me
599 639 659 706 sibi
669 641 784 727 jtutxit,
800 659 922 708 amores

154 741 304 808 Abstulitz
326 740 380 805 ille
395 740 514 806 babeat
528 762 644 824 secum
658 757 823 831 servetque
838 745 994 833 sepulcro.

155 845 204 912 Sic
219 845 321 926 effata,
334 845 436 914 einum
451 844 603 933 lacrymis
618 847 760 934 implevit
774 849 903 916 obortis.
1150 855 1193 912 30

192 953 285 1015 Anna
300 951 416 1018 refert:
439 949 470 1016 Ο
483 948 553 1016 luce
568 953 667 1039 magis
681 951 798 1018 dilecta
812 955 922 1036 sorori,

156 1053 264 1120 Solane
278 1053 433 1140 perpetui
446 1075 582 1122 mterens
596 1054 730 1140 carpire
740 1056 893 1142 juventii

156 1156 218 1222 Nec
233 1157 343 1222 dulces
358 1171 471 1237 natos,
486 1159 623 1224 Veneris
637 1180 696 1227 nec
711 1159 843 1246 premia
857 1157 966 1224 ndrisl

156 1258 189 1324 ld
201 1261 338 1326 cinerem
353 1275 407 1326 aut
422 1261 533 1328 Manes
546 1260 653 1326 credis
666 1281 780 1328 curare
796 1261 957 1348 sepultos?

157 1360 248 1428 Esto:
270 1385 386 1450 aegram
401 1361 477 1429 nulli
493 1362 649 1449 quondam
665 1362 785 1440 dexire
800 1365 924 1444 mariti3
1151 1360 1192 1428 33

159 1463 223 1530 Non
238 1465 363 1552 Libya,
377 1489 439 1532 non
454 1467 527 1536 ante
543 1467 652 1554 Tyro3
673 1465 840 1554 despectus
856 1469 977 1550 Iarbas,

158 1565 370 1655 lbrctoreeque
385 1570 439 1636 atii
453 1593 530 1656 quos
545 1571 655 1638 Africa
668 1584 754 1636 terra
769 1571 934 1658 triumphis

159 1667 250 1736 Diues
266 1672 341 1736 alit:
363 1672 521 1759 placitone
536 1678 632 1740 etiam
646 1676 799 1762 pugnabis
814 1678 937 1743 amerit

158 1771 217 1839 Nec
233 1779 321 1840 venit
335 1779 367 1839 in
381 1789 517 1842 mentem
531 1799 665 1862 quorum
679 1776 860 1844 consederis
874 1782 981 1846 arvist

158 1877 237 1942 Hinc
251 1876 383 1944 Getone
398 1878 502 1958 urbes,
516 1901 613 1964 genus
627 1880 842 1966 insuperabile
858 1880 952 1961 bello,
1151 1887 1194 1944 to

159 1978 196 2043 Et
210 1979 353 2044 Numidae
369 1982 491 2047 infreni
504 1981 639 2068 cingunt,
654 1995 686 2046 et
700 1981 855 2072 inhospita
870 1985 993 2070 Syrtis:

160 2083 238 2150 Hinc
253 2084 380 2151 deserta
394 2085 445 2160 siti
459 2085 556 2172 regio,
571 2083 697 2170 lateque
711 2085 849 2152 furentes

161 2185 288 2252 Rarcaei.
331 2187 416 2270 Quid
432 2187 517 2254 bella
532 2188 622 2273 Tyro
636 2192 796 2275 surgentia
809 2187 925 2270 dicam,

161 2289 365 2375 Germanique
381 2291 502 2356 minas?

160 2391 216 2458 Dis
228 2392 373 2479 equidem
387 2393 568 2479 auspicibus
581 2413 666 2472 reor,
681 2407 713 2459 et
724 2393 848 2460 Junone
862 2395 1012 2478 secunda,
1153 2405 1194 2462 45

162 2493 229 2560 Huc
243 2517 370 2562 cursum
385 2495 499 2562 Iliacas
513 2508 607 2562 vento
622 2496 756 2562 tenuisse
770 2499 907 2562 carinas.

162 2597 255 2680 Quam
270 2613 304 2664 tu
317 2600 439 2680 urbem,
453 2621 553 2680 soror,
568 2598 649 2666 hanc
663 2619 784 2680 cernes,
799 2619 869 2685 quc
882 2621 1011 2688 surgere
1024 2621 1133 2690 regna,
1152 2685 1159 2697 ι

163 2699 310 2790 conjugio
325 2701 397 2768 tali!
420 2701 579 2768 Teucrum
593 2703 816 2769 comitantibus
831 2703 937 2784 armis,

163 2801 273 2871 Punica
287 2827 322 2870 se
337 2808 461 2892 quantis
475 2805 596 2872 attollet
608 2805 710 2892 gloria
723 2805 835 2870 rebus!

160 2905 675 2995 Temoddposcedeosveuiam3
696 2911 859 2995 sacrisque
874 2908 980 2992 litat'm,
1155 2913 1197 2976 50

162 3007 286 3100 indulge
301 3011 446 3098 bospitio,
460 3032 634 3097 causasque
649 3015 773 3078 innecte
788 3011 952 3094 morandi3
988 3021 991 3027 ‘

162 3111 242 3180 Dum
255 3115 369 3204 pelago
383 3115 512 3180 desevit
525 3115 636 3196 hieme,
650 3127 682 3180 et
696 3132 831 3202 aquosus
845 3115 955 3198 Orion,

161 3217 380 3307 Quascumque
395 3233 490 3302 rates,
505 3219 579 3286 dum
594 3241 656 3290 uon
671 3218 836 3286 tractabile
850 3218 975 3286 coelum.

161 3322 220 3388 His
234 3325 328 3391 dictis
342 3327 504 3394 incensum
519 3328 655 3390 amnium
669 3322 871 3390 inflammavit
886 3341 1003 3402 amore,

159 3425 315 3515 Spemque
328 3427 419 3494 dedit
432 3427 535 3494 dubie
549 3428 657 3508 menti,
671 3423 824 3510 solvitque
839 3421 1001 3510 pudorem.
1158 3432 1197 3488 55

201 3529 358 3618 Principio
373 3528 506 3599 delubra
520 3527 646 3608 adeunt,
659 3545 834 3614 pacemque
848 3545 906 3612 per
921 3545 993 3592 aras

160 3631 351 3720 Exquirunt:
375 3645 514 3702 mactarit
527 3630 627 3702 lectas
641 3629 681 3696 de
696 3651 783 3696 more
797 3627 944 3694 bidentes

160 3733 311 3823 legifero
326 3735 451 3817 Cereri,
465 3735 658 3822 Pboeboque
672 3735 816 3822 patrique
831 3732 950 3819 Lye03

158 3839 274 3908 Junoui
287 3855 360 3908 ante
374 3861 493 3922 omues,
506 3842 559 3909 cui
574 3837 679 3906 vincla
688 3835 808 3926 jugalia
823 3857 917 3902 cure.

157 3939 241 4028 lpse,
252 3956 362 4010 tenens
376 3943 490 4012 dextri
505 3956 658 4030 pateram,
671 3939 886 4028 pulcherrime
901 3937 986 4006 Dido
1159 3943 1200 4002 60

158 4041 333 4112 candentis
346 4067 453 4113 vacca
467 4043 574 4116 media
587 4045 669 4110 inter
682 4063 801 4108 cornua
815 4039 932 4106 fundit:

157 4149 220 4215 Aut
235 4165 311 4218 ante
325 4173 384 4220 ora
397 4151 493 4224 detlm
506 4154 639 4240 μῶμοι
653 4150 807 4236 spatiatur
822 4145 863 4214 ad
878 4166 961 4228 aras,

802 4434 809 4477 l
