2756 5010
221 479 279 538 272
669 473 857 540 AENEIDOS

263 635 428 721 Frenaque
442 635 517 700 bina
532 655 618 700 meus
634 657 702 721 quae
718 659 798 701 nunc
815 637 910 701 habet
926 655 1020 701 aurea
1036 633 1151 702 Pallas.

253 739 347 837 'Ergo
362 753 393 804 et
408 761 500 824 quam
515 741 620 825 petitis
631 741 740 827 juncta
755 753 802 804 est
816 741 892 804 mihi
906 739 1026 804 soedere
1040 739 1169 804 dextra:

263 841 313 922 Et,
329 843 382 907 lux
397 865 491 928 quum
505 840 638 929 primum
653 847 743 908 terris
758 866 792 908 se
807 845 943 908 crastina
958 843 1080 924 reddet,
1230 845 1275 903 170

263 941 388 1011 Auxilio
403 946 489 1011 laetos
504 946 665 1026 dimittam,
680 947 854 1032 opibusque
869 945 999 1034 juvabo.

264 1051 388 1116 Interea
402 1073 491 1115 sacra
506 1050 585 1130 hac,
600 1050 726 1136 quando
738 1050 798 1114 hue
813 1053 942 1114 venistis
958 1050 1062 1128 amici,

263 1154 386 1234 Annua,
402 1175 471 1239 quee
486 1151 614 1218 differre
629 1155 727 1232 nefas,
738 1152 898 1217 celebrate
914 1153 1055 1217 faventes

264 1253 446 1335 Nobiscum,
461 1269 492 1320 et
503 1257 570 1342 jam
585 1276 665 1319 nunc
681 1259 836 1319 sociorum
852 1257 1022 1319 assuescite
1037 1256 1158 1319 mensis.

306 1359 388 1423 Haec
403 1359 458 1423 ubi
472 1359 567 1438 dicta,
581 1357 679 1443 dapes
690 1358 780 1444 jubet
795 1371 825 1422 et
840 1356 963 1422 sublata
976 1359 1087 1442 reponi
1230 1361 1275 1418 175

265 1461 391 1542 Pocula,
404 1465 626 1548 gramineoque
641 1461 724 1526 viros
740 1460 821 1524 locat
837 1461 903 1546 ipse
919 1458 1030 1539 sedili3

264 1563 521 1650 Praecipuumque
537 1577 604 1628 toro
619 1577 650 1628 et
664 1563 766 1628 viilosi
781 1563 863 1649 pelle
879 1561 976 1626 leonis

264 1667 386 1753 Accipit
401 1666 531 1746 AEnean‚
544 1667 684 1752 solioque
699 1667 807 1732 invitat
822 1689 950 1730 acerno.

207 1770 212 1778 '
263 1769 345 1834 Tum
360 1768 432 1834 lecti
443 1772 574 1857 juvenes
590 1771 733 1835 certatim
749 1792 875 1856 arteque
892 1769 1041 1834 sacerdos

263 1873 398 1938 Viscera
412 1886 491 1937 tosta
506 1875 607 1940 ierunt
622 1885 791 1952 taurorum,
805 1885 998 1957 onerantque
1013 1875 1157 1938 canistris
1229 1872 1276 1931 180

262 1975 356 2041 Dona
371 1975 521 2041 laboratae
537 1976 672 2055 Cereris,
688 1976 914 2062 Bacchumque
930 1977 1113 2040 ministrant.

263 2078 413 2143 Vescitur
429 2078 553 2159 AEneas,
567 2077 658 2146 simul
674 2091 704 2144 et
719 2079 859 2163 Trojana
869 2081 1026 2165 juventuS,

264 2180 410 2267 Perpetui
425 2193 511 2266 tergo
525 2181 616 2244 bovis
632 2193 663 2243 et
677 2177 858 2244 lustralibus
873 2181 963 2244 extis.

199 2341 201 2346 ,
307 2285 473 2369 Postquam
488 2295 634 2368 exempta
648 2283 756 2363 sames,
772 2295 802 2348 et
818 2305 906 2348 amor
919 2305 1118 2370 compressus
1132 2279 1245 2362 mendi,

264 2387 335 2453 Rex
351 2388 515 2453 Evandrus
531 2391 589 2451 ait:
614 2388 684 2453 Non
700 2388 768 2453 haec
784 2387 934 2452 solemnia
950 2390 1050 2469 nobis,
1118 2394 1119 2403 ’
1229 2391 1276 2450 lii

263 2493 333 2558 Has
348 2514 387 2557 ex
403 2513 490 2558 more
504 2491 612 2578 dapes,
627 2491 708 2556 hanc
724 2495 799 2555 tanti
814 2492 946 2556 numinis
961 2513 1057 2573 aram,

263 2595 358 2660 Vana
373 2597 551 2682 superstitio
566 2607 767 2678 veterumque
782 2596 891 2678 ignara
907 2593 1037 2658 deorum

262 2697 431 2784 Imposuit:
454 2697 553 2777 savis,
569 2696 683 2781 hospes
698 2696 843 2783 Trojano,
854 2696 980 2780 periclis

263 2803 385 2867 Servati
401 2803 540 2878 iacimus,
555 2800 743 2884 meritosque
758 2821 908 2864 novamus
924 2800 1069 2866 honores.

261 2904 334 2968 Jam
348 2901 479 2989 primum
495 2903 579 2966 saxis
595 2925 775 2988 suspensam
791 2904 872 2968 hanc
888 2903 1018 2990 adspice
1034 2927 1164 2992 rupem3
1228 2903 1280 2966 uo

261 3004 411 3091 DisJectae
426 3004 535 3090 procul
549 3017 581 3067 ut
596 3005 702 3085 moise,
717 3006 902 3090 desertaque
917 3008 1028 3071 montis

263 3107 331 3170 Stat
344 3105 463 3185 domus,
479 3121 509 3170 et
524 3105 644 3193 scopuli
657 3111 812 3193 ingentem
826 3107 954 3174 traxere
968 3111 1098 3176 ruinam.

263 3211 329 3275 Hic
344 3209 494 3296 spelunca
509 3211 576 3288 fuit,
591 3223 679 3275 vasto
694 3213 838 3277 submota
853 3234 988 3292 recessu,

262 3313 480 3378 Semihomiuis
495 3312 574 3378 Caci
589 3315 686 3379 iacies
702 3338 796 3400 quam
810 3316 880 3382 dira
897 3318 1033 3396 tenebat,

262 3417 342 3482 Solis
357 3418 548 3482 inaccessam
563 3417 678 3498 radiis3
700 3441 885 3506 semperque
900 3421 1020 3486 recenti
1226 3419 1281 3480 195

260 3520 358 3585 Caede
374 3520 500 3606 tepebat
515 3519 644 3600 humus3
667 3520 848 3606 foribusque
864 3511 956 3588 affixa
971 3523 1117 3608 superbis

261 3623 327 3688 Ora
342 3624 442 3688 virtim
455 3625 536 3687 tristi
552 3620 730 3707 pendebant
745 3623 863 3710 pallida
878 3625 963 3690 tabo.

262 3727 348 3791 Huic
364 3738 500 3790 monstro
515 3725 676 3790 Vulcanus
692 3739 759 3800 erat
774 3741 879 3812 pater:
903 3727 985 3792 illius
1000 3742 1084 3793 atros

260 3829 325 3894 Ore
339 3848 467 3895 vomens
482 3828 577 3914 ignes,
592 3826 704 3916 magni
718 3849 751 3893 se
768 3827 847 3894 mole
863 3830 996 3894 serebat.

259 3933 370 4001 Attulit
385 3948 415 3998 et
430 3934 520 3998 nobis
535 3932 705 4019 aliquando
719 3937 899 4020 optantibus
914 3947 991 4000 etas
1216 3932 1285 3992 '2⁰0

260 4040 419 4106 Auxilium
435 4039 663 4124 adventumque
678 4039 749 4105 dei:
772 4063 842 4106 nam
858 4046 1012 4106 maximus
1028 4042 1117 4126 ultor,

260 4141 439 4230 Tergemini
452 4163 531 4208 nece
545 4141 703 4228 Geryonae
718 4142 888 4230 spoliisque
903 4145 1066 4232 superbus,
