2756 5010
540 435 657 503 mann
676 438 725 500 u.
1113 447 1171 521 ses
1201 391 1206 400 ’

128 589 324 662 Vestibulum
337 603 411 658 erue
425 595 537 678 ipsum,
550 594 720 680 primisque
733 595 765 660 in
779 593 922 662 saucibus
937 595 1023 680 Orci,

125 699 240 766 Luctus
255 711 287 766 at
300 697 429 767 ultrices
443 698 577 786 posudre
592 701 711 769 cubilia
725 701 838 784 Cura;

124 803 341 889 Pallentesque
355 803 501 870 habitant
516 803 632 885 Morbi,
647 808 804 891 tristisque
820 808 980 888 Senectus,
1099 813 1162 871 275

126 906 165 972 Et
178 908 291 989 Metus,
305 920 337 974 et
350 905 534 980 malesuada
549 907 673 989 Fames,
688 929 726 974 ae
741 914 840 997 turpis
855 911 996 999 Egestas,

126 1011 298 1078 Terribiles
309 1011 381 1078 nisu
394 1013 523 1092 sormae3
545 1011 737 1098 Letumque,
745 1013 937 1100 Labosque,

126 1113 203 1190 Tum
216 1116 467 1200 consanguineus
481 1113 555 1184 Leti
570 1114 681 1200 Sopor,
696 1128 728 1180 et
742 1114 826 1183 mala
839 1120 952 1182 mentis

125 1215 257 1297 Gaudia,
271 1191 723 1320 mortiferumquesadversoln
739 1217 845 1285 limine
860 1219 995 1302 Bellum,

125 1319 295 1407 Ferreiqoe
311 1320 519 1396 Eumenidum
534 1301 721 1404 dannaba
735 1321 904 1393 Discordia
918 1323 1058 1408 demens,
1101 1330 1163 1389 080
1216 1350 1222 1365 ·

127 1421 298 1511 Vipereum
313 1427 433 1490 crinem
448 1427 533 1491 vittis
545 1428 662 1494 innerm
677 1429 826 1492 cruentis.

163 1527 198 1592 ln
211 1525 321 1592 medio
334 1547 438 1592 ramos
452 1549 633 1613 annosaque
648 1528 783 1597 brachia
797 1530 907 1616 pandit

127 1628 232 1697 Ulmus
246 1652 362 1718 opaca,
376 1635 495 1718 ingens,
510 1653 605 1718 quam
620 1631 728 1704 sedern
744 1635 871 1700 Somnia
884 1633 979 1724 vulgo

122 1731 339 1822 Vanaxtenere
353 1735 625 1855 serunaqloliisque
640 1736 699 1802 sub
713 1738 857 1808 omnibus
872 1737 1002 1804 haerent.

123 1833 283 1924 Multaque
297 1849 453 1924 praterea
466 1841 627 1908 variarum
641 1853 779 1908 monstra
793 1842 939 1922 serarum,
1100 1847 1161 1904 005

125 1938 272 2006 Centauri
287 1941 320 2006 in
334 1941 454 2028 foribus
466 1940 636 2022 stabulant,
652 1940 831 2028 Scyllaeque
847 1944 1005 2026 biformes,

124 2037 162 2108 Et
174 2048 441 2132 centumgeminus
456 2045 616 2126 Briareus,
630 2065 669 2112 ac
684 2046 789 2112 bellua
804 2047 916 2112 Lernae

125 2145 326 2218 Horrenditm
340 2148 487 2228 stridens,
501 2149 696 2234 flammisque
712 2163 834 2216 armata
848 2150 1019 2228 Chimera,

124 2249 292 2342 Gorgones,
306 2254 540 2340 Harpyiaeque,
554 2269 586 2318 et
599 2254 700 2320 forma
715 2257 898 2338 tricorporis
912 2253 1044 2318 umbra.

123 2353 260 2445 Corripit
275 2357 330 2422 bic
345 2358 448 2422 subita
462 2357 604 2444 trepidus
618 2357 786 2426 formidine
800 2357 920 2424 terrum
1099 2361 1162 2420 090

125 2455 242 2542 Euesa
256 2463 463 2546 strictamque
478 2463 581 2526 aciem
595 2461 793 2526 venientibus
804 2457 913 2525 offert:

125 2557 170 2640 Et,
182 2566 213 2628 ni
228 2562 327 2630 docta
341 2583 449 2628 comas
462 2575 572 2628 tenues
585 2564 653 2626 sine
669 2581 802 2647 corpore
816 2564 898 2626 vitas

124 2663 298 2733 Admoneat
310 2665 444 2732 volitare
457 2665 538 2730 cava
552 2663 610 2730 sub
625 2667 760 2751 imagine
775 2667 893 2744 iormae,

125 2763 219 2832 lrruat
232 2783 265 2834 et
281 2769 399 2834 frustra
413 2769 498 2833 lerro
512 2765 696 2832 diverberet
710 2767 849 2834 umbras.

161 2869 246 2936 Hinc
263 2870 317 2936 via
332 2869 481 2936 Tartarei
495 2891 566 2955 qma
580 2870 640 2934 fert
655 2868 844 2938 Acherontis
859 2868 900 2934 ad
915 2867 1034 2936 undas:
1100 2869 1162 2932 995

123 2967 278 3048 Turbidus
294 2971 350 3036 hio
363 2991 456 3038 coeno
470 2971 620 3058 vastaque
635 2973 783 3060 voragine
797 2995 911 3061 gurges

123 3073 248 3158 AEstunt,
263 3091 362 3162 atque
376 3097 502 3144 omnem
516 3075 642 3163 Cocyto
657 3089 778 3142 eructat
791 3099 933 3144 arenam.
958 3059 980 3150 l*

125 3175 251 3246 Portitor
265 3179 328 3268 bas
342 3177 520 3272 borqendus
533 3199 631 3264 aquas
647 3192 678 3243 et
692 3177 818 3244 flumina
832 3193 939 3246 servat

123 3277 268 3354 Terribili
275 3279 442 3382 squalore,
449 3280 590 3362 Charon,
604 3284 656 3346 cui
670 3281 805 3367 plurima
819 3296 923 3350 mento

124 3380 258 3450 Canities
273 3383 512 3472 incultajaoet3
534 3397 615 3450 stant
630 3383 746 3450 lumina
761 3383 906 3465 flamm2i3
1100 3391 1161 3450 000
1205 3406 1213 3422 ·

124 3487 271 3556 Sordidus
286 3511 329 3556 ex
345 3489 484 3556 humeris
498 3477 582 3556 nodo
595 3487 755 3575 dependet
769 3492 911 3554 amiotus.

123 3587 187 3676 lpse
200 3607 304 3659 ratem
326 3606 421 3662 conto
434 3594 558 3680 subigit,
573 3593 715 3679 velisque
729 3595 893 3674 ministrat,

123 3691 160 3758 Et
171 3697 354 3784 ferruginea
368 3698 532 3764 subvectat
546 3719 682 3784 corpora
695 3695 833 3784 cymb53

123 3795 189 3866 lam
202 3802 320 3882 senior,
335 3799 395 3872 sed
408 3799 507 3866 cruda
521 3799 584 3866 deo
597 3798 771 3886 viridisque
785 3813 939 3868 senectus.

122 3897 192 3966 Huc
206 3907 311 3970 omnis
325 3903 418 3968 turba
432 3901 474 3968 ad
489 3906 576 3988 ripas
591 3900 689 3968 effusa
702 3902 836 3968 ruebat:
1098 3912 1162 3972 -305

119 4001 246 4090 Matres,
261 4023 358 4095 atque
372 4010 443 4088 viri,
457 4009 669 4096 defunctaque
684 4031 819 4096 corpora
833 4009 897 4078 vita

119 4105 353 4198 Magnanimum
368 4113 510 4196 heroum,
524 4116 624 4200 pueri,
639 4118 840 4203 innuptaque
854 4114 977 4204 puellm,

430 4327 474 4391 29
