2772 4998
234 490 292 548 296
409 547 413 554 ,
676 483 864 544 AENEIDOS

277 643 339 727 Qui
354 657 439 730 patet
454 646 487 707 in
501 642 587 706 bivio
601 655 700 728 portae
716 661 787 727 quae
800 639 947 725 proxima
959 651 1067 724 ponto.

277 746 445 831 interrupti
459 749 556 831 igme,
572 757 702 830 aterque
718 743 759 809 ad
775 743 882 808 sidera
897 743 999 807 fumus

276 849 424 936 Erigitur.
470 849 503 912 Si
518 847 640 914 fortuna
653 847 832 933 permittitis
847 849 903 926 uti,

277 952 449 1035 Quaesitum
464 949 588 1016 AEnean
604 950 646 1016 ad
661 954 777 1016 moenia
792 949 955 1016 Pallantea

277 1056 355 1119 Mox
370 1054 422 1120 hic
438 1077 509 1120 cum
524 1055 641 1141 spoiiiS‚
656 1057 773 1139 ingenti
788 1053 876 1119 coede
890 1053 1031 1140 peracta,

277 1157 384 1222 Affore
398 1160 542 1222 cernetis.
587 1157 655 1223 Nec
671 1179 727 1221 nos
742 1160 794 1221 via
809 1156 889 1222 saliit
900 1171 1025 1220 euntes:

277 1259 424 1326 Vidimus
438 1262 580 1326 obscuris
595 1262 727 1347 primam
742 1261 800 1324 sub
816 1259 952 1325 vallibus
967 1260 1078 1324 urbem

276 1361 404 1427 Venatu
419 1363 553 1443 assiduo,
568 1377 599 1426 et
614 1376 710 1426 totum
723 1365 926 1448 cognorimus
942 1383 1075 1428 amnem.
1245 1361 1291 1417 245

276 1465 344 1529 Hic
360 1469 449 1530 annis
462 1465 567 1552 pavis
582 1478 676 1550 atque
692 1467 788 1529 animi
803 1477 941 1530 maturus
956 1464 1082 1529 Aletes:

259 1615 262 1622 ·
276 1567 323 1632 Di
336 1569 438 1654 patrii.
453 1591 585 1654 quorum
601 1591 725 1654 semper
739 1567 798 1632 sub
813 1569 939 1632 numine
954 1568 1053 1655 Troja
1069 1580 1126 1644 est,

275 1672 346 1737 Non
362 1686 467 1738 tamen
482 1677 608 1738 omnino
622 1673 764 1737 Teucros
779 1670 886 1736 delere
901 1670 1029 1758 paratis,

275 1775 380 1856 Quum
394 1775 472 1841 tales
488 1780 607 1841 animos
618 1778 769 1863 juvenum
785 1789 816 1840 et
831 1789 895 1841 tam
909 1789 997 1840 certa
1012 1773 1124 1840 tulistis

277 1879 420 1942 Pectora.
466 1877 517 1942 Sic
532 1899 719 1959 memorans,
734 1877 880 1943 humeros
895 1877 1087 1964 dextrasque
1101 1877 1223 1942 tenebat
1245 1873 1295 1932 250

276 1981 458 2060 Amborum‚
474 1992 504 2044 et
518 1979 636 2046 vultum
651 1981 803 2067 iacrymis
818 1994 912 2066 atque
927 2002 984 2048 ora
998 1979 1135 2067 rigabat.

275 2085 354 2166 Quae
370 2085 468 2164 vobis,
484 2105 554 2169 quae
569 2084 673 2171 digna,
688 2085 757 2164 viri,
772 2106 830 2170 pro
846 2083 992 2150 laudibus
1007 2084 1083 2164 istis,

277 2189 405 2253 Premis
419 2210 511 2274 posse
526 2209 599 2252 rear
614 2185 713 2253 solvi?
758 2187 975 2254 Pulcherrima
990 2184 1124 2274 primum

274 2291 321 2356 Dr
335 2314 499 2377 moresque
514 2290 633 2356 dabunt
648 2291 761 2356 vestri:
785 2304 849 2356 tum
862 2305 981 2358 caetera
990 2289 1103 2358 reddet

275 2397 420 2460 Actutum
435 2395 504 2482 pius
518 2393 648 2477 AEneas,
663 2408 758 2482 atque
772 2396 893 2483 integer
907 2397 968 2461 aevi
1246 2391 1297 2449 255

274 2499 439 2580 Ascanius,
454 2499 557 2563 meriti
573 2499 649 2564 tanti
663 2521 724 2564 non
740 2498 903 2564 immemor
916 2519 1065 2585 unquam.

275 2601 372 2665 immo
387 2624 445 2688 ego
460 2623 526 2682 vos,
541 2601 592 2666 cui
607 2599 675 2665 sola
690 2599 773 2665 salus
787 2603 928 2687 genitore
943 2600 1086 2681 reducto,

274 2707 403 2792 Excipit
417 2707 581 2785 Ascanius,
595 2725 653 2790 per
668 2725 807 2790 magnos,
822 2704 909 2786 Nise,
925 2703 1067 2783 Penates,

273 2813 484 2897 Assaracique
500 2812 626 2891 Larem,
642 2824 673 2874 et
687 2832 775 2875 canae
790 2810 967 2897 penetralia
981 2809 1102 2890 Vestae,

271 2913 441 2993 Obtestor3
463 2935 669 3000 quaecumque
685 2913 760 2977 mibi
775 2915 900 2978 fortuna
913 2913 1055 2999 fidesque
1070 2927 1127 2994 est,
1249 2913 1302 2970 260

274 3017 309 3081 in
323 3019 436 3082 vestris
450 3039 533 3102 pono
546 3017 694 3102 gremiis:
716 3013 864 3082 revocate
877 3029 1059 3103 parentem3

274 3117 411 3182 Reddite
427 3131 649 3204 conspectum3
671 3119 747 3186 nibil
761 3119 815 3186 illo
831 3121 917 3186 triste
931 3137 1073 3209 recepto.

272 3221 355 3284 Bina
369 3220 455 3285 dabo
470 3235 598 3307 argento
612 3223 755 3308 perfecta
768 3237 862 3308 atque
877 3245 993 3310 aspera
1005 3226 1102 3313 signis

273 3322 399 3403 Pocula,
414 3322 540 3389 detictd
553 3328 675 3411 genitor
690 3348 760 3412 quae
775 3329 862 3413 cepit
875 3327 1012 3408 Arisba;

271 3424 312 3488 Et
326 3423 466 3511 tripodas
480 3430 620 3513 geminos
633 3453 640 3508 3
663 3429 730 3493 auri
745 3427 810 3494 duo
823 3453 936 3518 magua
951 3431 1086 3510 talenta3
1249 3431 1304 3488 ‘265

269 3527 405 3594 Cratera
420 3531 590 3616 antiquum,
605 3553 698 3616 quem
713 3531 768 3596 dat
783 3531 912 3599 Sidonia
926 3533 1023 3599 Dido.

271 3633 305 3696 Si
320 3631 395 3698 vero
410 3655 525 3718 capere
541 3634 662 3698 italiam
677 3639 872 3722 sceptrisque
887 3639 981 3724 potiri

269 3733 444 3823 Contigerit
458 3741 581 3816 victori,
596 3752 627 3803 et
641 3738 757 3825 praedae
773 3737 890 3806 ducere
902 3755 1035 3821 sorte1n3

271 3839 388 3903 Vidisti
403 3862 464 3925 qno
479 3841 604 3906 Turnus
619 3862 711 3926 equo,
726 3842 839 3927 quibus
854 3843 922 3908 ibat
936 3846 967 3908 in
983 3847 1079 3908 armis

270 3947 410 4008 Aureus:
433 3946 533 4031 ipsum
548 3945 645 4026 illurn,
659 3945 808 4031 clypeum
822 3949 998 4033 cristasque
1012 3947 1171 4026 rubentes,
1252 3947 1311 4005 ‘liti

270 4049 436 4134 Excipiam
450 4050 535 4129 sorti,
544 4049 612 4136 jam
627 4071 708 4114 nunc
724 4062 776 4114 tua
791 4055 931 4137 prumia,
946 4050 1035 4115 Nise.

238 4185 244 4198 .
269 4151 427 4215 Praeterea
442 4153 491 4216 bis
506 4173 563 4216 sex
578 4155 700 4238 genitor
713 4151 884 4219 lectissima
899 4167 1031 4220 madum
