2792 4998
248 453 306 512 ³64
698 438 889 503 AENEIDOS

296 597 426 664 Sidera:
448 594 573 684 dejecti
587 591 747 659 crudescit
760 613 865 678 pugna
880 587 1027 654 Camillis.

295 703 458 768 incurrunt
472 698 561 762 densi
576 694 668 760 simul
682 697 783 762 omnis
797 693 889 780 copia
903 689 1072 770 Teucfflm,

295 805 518 892 Tyrrhenique
533 799 641 882 duces,
655 797 857 883 Evandrique
872 794 1015 861 Arcades
1033 791 1101 858 alae.
1251 791 1293 849 tsi

296 910 338 974 At
352 907 470 972 Trivioe
484 916 589 970 custos
598 903 667 990 jam
681 901 799 966 dudum
814 901 845 964 in
860 899 1018 966 montibus
1032 896 1110 984 Opis

296 1009 369 1076 Alta
384 1008 473 1073 sedet
487 1007 623 1085 summis,
638 1017 821 1090 spectatque
836 1001 978 1085 interrita
994 1019 1125 1090 pugnes·

297 1113 402 1200 thue
417 1110 527 1198 procul
541 1108 645 1174 medio
655 1101 805 1196 juvenum
820 1105 850 1170 in
865 1093 1004 1170 clamore
1020 1101 1171 1170 surenttm

298 1216 462 1301 Prospexit
476 1212 556 1278 tristi
571 1211 731 1275 multatam
746 1221 846 1274 morte
861 1205 1049 1287 Camillam3

298 1319 520 1404 ingemuitque,
534 1313 685 1398 deditque
701 1311 757 1376 has
771 1315 834 1376 imo
848 1323 978 1398 pectore
993 1326 1104 1374 vocest
1252 1304 1294 1362 84⁰

298 1421 391 1485 Heu!
414 1415 552 1496 nimium,
566 1419 666 1502 virgo,
680 1412 807 1479 nimidm
822 1411 950 1478 crudele
966 1411 1050 1476 luisti

299 1523 502 1610 Supplicium,
518 1521 659 1584 Teucros
674 1531 788 1582 conata
802 1517 959 1582 lacessere
977 1513 1080 1580 bello!

299 1625 367 1690 Nec
383 1625 439 1688 tibi
455 1623 589 1688 desertae
605 1621 636 1684 in
650 1619 752 1684 dumis
767 1619 902 1684 coluisse
917 1617 1056 1683 Dianam

301 1727 430 1806 Profuit,
445 1738 498 1788 aut
512 1737 633 1788 nostras
648 1723 778 1787 humero
792 1725 925 1808 gessisse
939 1721 1115 1808 pharetras

301 1831 372 1896 Non
387 1845 490 1895 tamen
506 1829 685 1893 indecorem
701 1843 754 1894 tua
770 1840 800 1892 te
816 1831 925 1915 regina
939 1828 1068 1914 reliquit
1254 1819 1294 1878 ⁸⁴⁵

301 1931 453 1998 Extrema
463 1931 530 2018 jam
545 1933 577 1994 in
593 1943 710 1994 morte:
734 1952 836 2016 neque
851 1930 910 1996 hoc
926 1935 993 1996 sine
1008 1933 1129 1998 nomine
1143 1927 1225 1994 letum

302 2035 363 2100 Per
376 2048 484 2121 gentes
498 2037 568 2114 erit,
582 2046 636 2097 aut
650 2034 765 2098 lamam
780 2033 912 2120 patidris
932 2033 1048 2102 iruultae.

303 2139 385 2204 Nam
400 2141 589 2223 quicumque
605 2149 691 2199 tuum
705 2135 835 2200 violavit
850 2135 979 2200 vulnere
994 2157 1117 2222 corpus,

303 2243 407 2308 Morte
422 2241 485 2305 luet
500 2237 622 2304 meriti.
667 2237 738 2302 Fuit
753 2242 862 2325 ingens
877 2253 981 2307 monte
995 2240 1054 2305 sub
1070 2238 1133 2306 alto

305 2343 401 2430 Regis
416 2342 576 2406 Dercenni
591 2355 715 2406 terreno
731 2362 771 2404 ex
787 2362 903 2428 aggere
918 2343 1042 2410 bustum
1254 2332 1297 2392 ⁸⁵⁰

306 2447 434 2531 Antiqui
448 2445 625 2526 Laurentis,
640 2443 801 2530 opacisque
817 2444 890 2508 ilice
906 2457 1040 2512 tectumz

306 2551 373 2618 Hic
388 2549 450 2616 dea
464 2571 498 2614 se
513 2547 648 2635 prlmiun
663 2547 776 2634 rapido
790 2548 1004 2634 pulcherrima
1019 2551 1088 2617 nisu

307 2655 403 2736 Sistit,
418 2668 449 2719 et
463 2655 630 2718 Arruntem
646 2652 762 2716 tumulo
776 2651 955 2740 speculatur
970 2653 1013 2718 ab
1027 2649 1102 2720 atto.

308 2757 353 2823 Ut
367 2757 445 2823 vidit
459 2753 627 2844 fulgentem
641 2742 737 2820 armis
751 2777 789 2820 ac
805 2777 887 2821 vana
902 2769 1087 2824 tumentem:

308 2859 385 2940 Cur,
399 2860 507 2944 inquit,
521 2856 664 2922 diversus
678 2857 766 2922 abis?
789 2857 850 2922 huc
865 2858 967 2944 dirige
981 2879 1129 2945 gressum,
1259 2847 1303 2906 ⁸⁶⁵

309 2963 384 3026 Huc
400 2961 535 3046 periture
551 2962 640 3023 veni:
662 2963 771 3048 capias
787 2975 819 3024 ut
833 2959 928 3048 digna
942 2959 1087 3030 camillo

310 3063 451 3142 Praemia,
467 3075 562 3146 tuque
576 3064 671 3126 etiam
687 3062 758 3126 telis
774 3063 910 3129 moriire
924 3063 1050 3130 Dianae.

309 3167 411 3245 Dixit,
427 3177 457 3229 ot
472 3162 582 3229 aurati
596 3163 756 3229 volucrem
771 3165 923 3232 Threissa
938 3172 1082 3255 sagittam

309 3269 514 3354 Deprompsit
528 3267 684 3354 pharetri,
698 3291 860 3356 cornuque
875 3273 997 3338 insensa
1012 3271 1150 3352 tetendit,

312 3373 352 3438 Et
366 3371 455 3436 duxit
469 3370 571 3456 longe,
584 3369 686 3435 donec
700 3386 832 3438 curvata
847 3376 968 3440 coirent
1264 3355 1312 3417 ⁸⁶⁰

311 3475 397 3540 lnter
412 3494 445 3538 se
459 3476 575 3558 capita,
589 3486 621 3537 et
635 3474 777 3538 manibus
788 3477 854 3561 jam
870 3489 1013 3564 tangeret
1032 3480 1137 3563 aequis,

313 3575 411 3644 Laevo
426 3577 527 3642 aciem
540 3576 628 3656 ferri,
642 3574 755 3642 dextri
769 3599 929 3664 nervoque
944 3579 1103 3666 papillam.

315 3677 483 3764 Extemplo
501 3676 554 3742 teli
568 3677 734 3744 stridorem
748 3701 904 3768 aurasque
919 3697 1065 3748 sonantes

316 3783 424 3848 Audiit
438 3782 498 3846 uni
513 3785 641 3862 Arruns,
656 3782 806 3868 haesitque
820 3785 853 3850 in
866 3807 1000 3872 corpore
1014 3788 1137 3852 ferrum.

316 3884 407 3950 lllum
421 3884 631 3969 exspirantem
646 3886 725 3950 socii
740 3900 833 3973 atque
848 3877 991 3954 extrema
1004 3901 1169 3976 gementem

316 3991 415 4057 Obliti
429 3991 531 4076 ignoto
545 4011 726 4078 camporum
741 3996 772 4058 in
786 3993 917 4081 pulvere
931 3995 1090 4083 linquunt:

315 4093 395 4178 Opis
410 4091 452 4156 ad
466 4091 627 4158 etherium
640 4094 750 4180 pennis
764 4097 904 4164 aufertur
917 4098 1098 4188 Olympum.
