<?xml version="1.0" encoding="UTF-8"?>
<!DOCTYPE html PUBLIC "-//W3C//DTD XHTML 1.0 Transitional//EN"
    "http://www.w3.org/TR/xhtml1/DTD/xhtml1-transitional.dtd">
<html xmlns="http://www.w3.org/1999/xhtml" xml:lang="en" lang="en">
 <head>
  <title>
</title>
<meta http-equiv="Content-Type" content="text/html;charset=utf-8" />
  <meta name='ocr-system' content='tesseract 3.04.00' />
  <meta name='ocr-capabilities' content='ocr_page ocr_carea ocr_par ocr_line ocrx_word'/>
</head>
<body>
  <div class='ocr_page' id='page_1' title='image "./bucolicageorgic00goulgoog/bucolicageorgic00goulgoog_0164.png"; bbox 0 0 2890 5002; ppageno 0'>
   <div class='ocr_carea' id='block_1_1' title="bbox 169 439 803 506">
    <p class='ocr_par' dir='ltr' id='par_1_1' title="bbox 169 439 803 506">
     <span class='ocr_line' id='line_1_1' title="bbox 169 439 803 506; baseline -0.006 0"><span class='ocrx_word' id='word_1_1' title='bbox 169 447 227 506; x_wconf 77' lang='lat' dir='ltr'>too</span> <span class='ocrx_word' id='word_1_2' title='bbox 614 439 803 503; x_wconf 74' lang='lat' dir='ltr'>AENEIDOS</span> 
     </span>
    </p>
   </div>
   <div class='ocr_carea' id='block_1_2' title="bbox 57 589 1245 4186">
    <p class='ocr_par' dir='ltr' id='par_1_2' title="bbox 197 589 1108 2636">
     <span class='ocr_line' id='line_1_2' title="bbox 207 589 969 678; baseline -0.007 -16"><span class='ocrx_word' id='word_1_3' title='bbox 207 591 353 675; x_wconf 86' lang='lat' dir='ltr'>Vellitur,</span> <span class='ocrx_word' id='word_1_4' title='bbox 364 591 436 658; x_wconf 91' lang='lat' dir='ltr'>huic</span> <span class='ocrx_word' id='word_1_5' title='bbox 451 603 518 656; x_wconf 88' lang='lat' dir='ltr'>atro</span> <span class='ocrx_word' id='word_1_6' title='bbox 533 589 690 676; x_wconf 86' lang='lat' dir='ltr'>liquuntur</span> <span class='ocrx_word' id='word_1_7' title='bbox 703 590 852 678; x_wconf 88' lang='lat' dir='ltr'>sanguine</span> <span class='ocrx_word' id='word_1_8' title='bbox 866 604 969 678; x_wconf 82' lang='lat' dir='ltr'>gutte,</span> 
     </span>
     <span class='ocr_line' id='line_1_3' title="bbox 205 692 1042 782; baseline 0 -20"><span class='ocrx_word' id='word_1_9' title='bbox 205 697 247 763; x_wconf 85' lang='lat' dir='ltr'>Et</span> <span class='ocrx_word' id='word_1_10' title='bbox 261 694 647 782; x_wconf 65' lang='lat' dir='ltr'>terramtabomaculant.</span> <span class='ocrx_word' id='word_1_11' title='bbox 690 692 770 760; x_wconf 86' lang='lat' dir='ltr'>Mihi</span> <span class='ocrx_word' id='word_1_12' title='bbox 785 693 914 780; x_wconf 82' lang='lat' dir='ltr'>frigidus</span> <span class='ocrx_word' id='word_1_13' title='bbox 928 695 1042 762; x_wconf 89' lang='lat' dir='ltr'>horror</span> 
     </span>
     <span class='ocr_line' id='line_1_4' title="bbox 205 796 1077 886; baseline -0.001 -20"><span class='ocrx_word' id='word_1_14' title='bbox 205 800 351 866; x_wconf 86' lang='lat' dir='ltr'>Membra</span> <span class='ocrx_word' id='word_1_15' title='bbox 366 801 473 885; x_wconf 88' lang='lat' dir='ltr'>quatit,</span> <span class='ocrx_word' id='word_1_16' title='bbox 487 796 669 884; x_wconf 87' lang='lat' dir='ltr'>gelidusque</span> <span class='ocrx_word' id='word_1_17' title='bbox 683 799 748 860; x_wconf 92' lang='lat' dir='ltr'>coit</span> <span class='ocrx_word' id='word_1_18' title='bbox 762 796 927 861; x_wconf 82' lang='lat' dir='ltr'>formidine</span> <span class='ocrx_word' id='word_1_19' title='bbox 943 799 1077 886; x_wconf 84' lang='lat' dir='ltr'>sanguis.</span> 
     </span>
     <span class='ocr_line' id='line_1_5' title="bbox 206 897 952 968; baseline -0.001 -1"><span class='ocrx_word' id='word_1_20' title='bbox 206 902 326 968; x_wconf 85' lang='lat' dir='ltr'>Rursus</span> <span class='ocrx_word' id='word_1_21' title='bbox 339 916 371 967; x_wconf 88' lang='lat' dir='ltr'>et</span> <span class='ocrx_word' id='word_1_22' title='bbox 385 901 510 966; x_wconf 87' lang='lat' dir='ltr'>alterius</span> <span class='ocrx_word' id='word_1_23' title='bbox 524 899 640 966; x_wconf 89' lang='lat' dir='ltr'>lentum</span> <span class='ocrx_word' id='word_1_24' title='bbox 654 897 833 964; x_wconf 78' lang='lat' dir='ltr'>convellere</span> <span class='ocrx_word' id='word_1_25' title='bbox 848 900 952 966; x_wconf 85' lang='lat' dir='ltr'>vimen</span> 
     </span>
     <span class='ocr_line' id='line_1_6' title="bbox 205 1001 972 1092; baseline -0.004 -20"><span class='ocrx_word' id='word_1_26' title='bbox 205 1009 365 1092; x_wconf 88' lang='lat' dir='ltr'>lnsequor,</span> <span class='ocrx_word' id='word_1_27' title='bbox 379 1019 411 1069; x_wconf 90' lang='lat' dir='ltr'>et</span> <span class='ocrx_word' id='word_1_28' title='bbox 424 1027 535 1070; x_wconf 80' lang='lat' dir='ltr'>causas</span> <span class='ocrx_word' id='word_1_29' title='bbox 549 1001 671 1090; x_wconf 83' lang='lat' dir='ltr'>penittis</span> <span class='ocrx_word' id='word_1_30' title='bbox 686 1014 804 1066; x_wconf 87' lang='lat' dir='ltr'>tentare</span> <span class='ocrx_word' id='word_1_31' title='bbox 820 1001 972 1086; x_wconf 84' lang='lat' dir='ltr'>latentes3</span> 
     </span>
     <span class='ocr_line' id='line_1_7' title="bbox 204 1105 959 1193; baseline -0.007 -17"><span class='ocrx_word' id='word_1_32' title='bbox 204 1113 283 1176; x_wconf 87' lang='lat' dir='ltr'>Ater</span> <span class='ocrx_word' id='word_1_33' title='bbox 298 1122 329 1173; x_wconf 90' lang='lat' dir='ltr'>et</span> <span class='ocrx_word' id='word_1_34' title='bbox 342 1107 468 1176; x_wconf 85' lang='lat' dir='ltr'>alterius</span> <span class='ocrx_word' id='word_1_35' title='bbox 483 1107 622 1193; x_wconf 89' lang='lat' dir='ltr'>sequitur</span> <span class='ocrx_word' id='word_1_36' title='bbox 636 1106 677 1170; x_wconf 93' lang='lat' dir='ltr'>de</span> <span class='ocrx_word' id='word_1_37' title='bbox 691 1105 808 1170; x_wconf 90' lang='lat' dir='ltr'>cortice</span> <span class='ocrx_word' id='word_1_38' title='bbox 823 1107 959 1193; x_wconf 86' lang='lat' dir='ltr'>sanguis.</span> 
     </span>
     <span class='ocr_line' id='line_1_8' title="bbox 203 1207 1108 1303; baseline 0 -27"><span class='ocrx_word' id='word_1_39' title='bbox 203 1211 306 1276; x_wconf 85' lang='lat' dir='ltr'>Multa</span> <span class='ocrx_word' id='word_1_40' title='bbox 320 1233 446 1276; x_wconf 83' lang='lat' dir='ltr'>movens</span> <span class='ocrx_word' id='word_1_41' title='bbox 461 1211 572 1287; x_wconf 88' lang='lat' dir='ltr'>animo,</span> <span class='ocrx_word' id='word_1_42' title='bbox 587 1207 753 1294; x_wconf 85' lang='lat' dir='ltr'>Nymphas</span> <span class='ocrx_word' id='word_1_43' title='bbox 759 1209 946 1303; x_wconf 57' lang='lat' dir='ltr'>,venerabar</span> <span class='ocrx_word' id='word_1_44' title='bbox 961 1223 1108 1298; x_wconf 81' lang='lat' dir='ltr'>agrestes,</span> 
     </span>
     <span class='ocr_line' id='line_1_9' title="bbox 202 1304 1059 1400; baseline 0 -20"><span class='ocrx_word' id='word_1_45' title='bbox 202 1314 439 1400; x_wconf 87' lang='lat' dir='ltr'>Gradivumque</span> <span class='ocrx_word' id='word_1_46' title='bbox 453 1327 585 1400; x_wconf 87' lang='lat' dir='ltr'>patrem,</span> <span class='ocrx_word' id='word_1_47' title='bbox 598 1311 716 1376; x_wconf 89' lang='lat' dir='ltr'>Geticis</span> <span class='ocrx_word' id='word_1_48' title='bbox 731 1311 784 1396; x_wconf 91' lang='lat' dir='ltr'>qui</span> <span class='ocrx_word' id='word_1_49' title='bbox 798 1312 947 1397; x_wconf 73' lang='lat' dir='ltr'>presidet</span> <span class='ocrx_word' id='word_1_50' title='bbox 961 1304 1059 1397; x_wconf 75' lang='lat' dir='ltr'>arvis,</span> 
     </span>
     <span class='ocr_line' id='line_1_10' title="bbox 203 1413 944 1500; baseline -0.003 -18"><span class='ocrx_word' id='word_1_51' title='bbox 203 1417 278 1482; x_wconf 71' lang='lat' dir='ltr'>Rite</span> <span class='ocrx_word' id='word_1_52' title='bbox 293 1416 500 1481; x_wconf 82' lang='lat' dir='ltr'>secundarent</span> <span class='ocrx_word' id='word_1_53' title='bbox 516 1416 608 1494; x_wconf 84' lang='lat' dir='ltr'>visus,</span> <span class='ocrx_word' id='word_1_54' title='bbox 620 1435 776 1500; x_wconf 83' lang='lat' dir='ltr'>omenque</span> <span class='ocrx_word' id='word_1_55' title='bbox 791 1413 944 1482; x_wconf 74' lang='lat' dir='ltr'>levarent.</span> 
     </span>
     <span class='ocr_line' id='line_1_11' title="bbox 202 1517 918 1606; baseline -0.001 -21"><span class='ocrx_word' id='word_1_56' title='bbox 202 1521 313 1586; x_wconf 88' lang='lat' dir='ltr'>Tertia</span> <span class='ocrx_word' id='word_1_57' title='bbox 327 1520 383 1585; x_wconf 88' lang='lat' dir='ltr'>sed</span> <span class='ocrx_word' id='word_1_58' title='bbox 397 1532 562 1606; x_wconf 78' lang='lat' dir='ltr'>postquam</span> <span class='ocrx_word' id='word_1_59' title='bbox 575 1519 694 1604; x_wconf 85' lang='lat' dir='ltr'>majore</span> <span class='ocrx_word' id='word_1_60' title='bbox 709 1517 835 1584; x_wconf 83' lang='lat' dir='ltr'>hastilia</span> <span class='ocrx_word' id='word_1_61' title='bbox 849 1520 918 1586; x_wconf 73' lang='lat' dir='ltr'>nbu</span> 
     </span>
     <span class='ocr_line' id='line_1_12' title="bbox 201 1621 1038 1712; baseline -0.002 -22"><span class='ocrx_word' id='word_1_62' title='bbox 201 1624 386 1712; x_wconf 80' lang='lat' dir='ltr'>Aggredior,</span> <span class='ocrx_word' id='word_1_63' title='bbox 400 1623 593 1710; x_wconf 77' lang='lat' dir='ltr'>genibusque</span> <span class='ocrx_word' id='word_1_64' title='bbox 608 1621 751 1688; x_wconf 68' lang='lat' dir='ltr'>adverse</span> <span class='ocrx_word' id='word_1_65' title='bbox 765 1621 910 1688; x_wconf 88' lang='lat' dir='ltr'>obluctor</span> <span class='ocrx_word' id='word_1_66' title='bbox 922 1639 1038 1706; x_wconf 66' lang='lat' dir='ltr'>meum,</span> 
     </span>
     <span class='ocr_line' id='line_1_13' title="bbox 201 1724 1013 1813; baseline -0.004 -20"><span class='ocrx_word' id='word_1_67' title='bbox 201 1726 351 1813; x_wconf 85' lang='lat' dir='ltr'>Eloquar,</span> <span class='ocrx_word' id='word_1_68' title='bbox 366 1749 405 1791; x_wconf 87' lang='lat' dir='ltr'>an</span> <span class='ocrx_word' id='word_1_69' title='bbox 420 1726 551 1792; x_wconf 74' lang='lat' dir='ltr'>sileam?</span> <span class='ocrx_word' id='word_1_70' title='bbox 572 1726 703 1812; x_wconf 87' lang='lat' dir='ltr'>gemitus</span> <span class='ocrx_word' id='word_1_71' title='bbox 718 1724 935 1813; x_wconf 84' lang='lat' dir='ltr'>lacrymabilis</span> <span class='ocrx_word' id='word_1_72' title='bbox 950 1727 1013 1790; x_wconf 85' lang='lat' dir='ltr'>imo</span> 
     </span>
     <span class='ocr_line' id='line_1_14' title="bbox 201 1819 1036 1910; baseline -0.004 -15"><span class='ocrx_word' id='word_1_73' title='bbox 201 1829 336 1896; x_wconf 85' lang='lat' dir='ltr'>Auditur</span> <span class='ocrx_word' id='word_1_74' title='bbox 350 1827 477 1910; x_wconf 89' lang='lat' dir='ltr'>tumulo,</span> <span class='ocrx_word' id='word_1_75' title='bbox 487 1819 523 1893; x_wconf 77' lang='lat' dir='ltr'>&#39;et</span> <span class='ocrx_word' id='word_1_76' title='bbox 536 1849 600 1892; x_wconf 80' lang='lat' dir='ltr'>vor</span> <span class='ocrx_word' id='word_1_77' title='bbox 614 1827 740 1894; x_wconf 81' lang='lat' dir='ltr'>reddita</span> <span class='ocrx_word' id='word_1_78' title='bbox 754 1829 853 1894; x_wconf 78' lang='lat' dir='ltr'>fertur</span> <span class='ocrx_word' id='word_1_79' title='bbox 867 1827 909 1892; x_wconf 85' lang='lat' dir='ltr'>ad</span> <span class='ocrx_word' id='word_1_80' title='bbox 923 1847 1036 1894; x_wconf 82' lang='lat' dir='ltr'>aures:</span> 
     </span>
     <span class='ocr_line' id='line_1_15' title="bbox 200 1931 1084 2020; baseline 0.001 -23"><span class='ocrx_word' id='word_1_81' title='bbox 200 1932 285 2016; x_wconf 81' lang='lat' dir='ltr'>Quid</span> <span class='ocrx_word' id='word_1_82' title='bbox 298 1934 454 2013; x_wconf 89' lang='lat' dir='ltr'>miserum,</span> <span class='ocrx_word' id='word_1_83' title='bbox 469 1931 577 2012; x_wconf 79' lang='lat' dir='ltr'>AEnea,</span> <span class='ocrx_word' id='word_1_84' title='bbox 592 1931 736 1997; x_wconf 77' lang='lat' dir='ltr'>laceras?</span> <span class='ocrx_word' id='word_1_85' title='bbox 753 1933 820 2019; x_wconf 86' lang='lat' dir='ltr'>jem</span> <span class='ocrx_word' id='word_1_86' title='bbox 834 1953 931 2018; x_wconf 85' lang='lat' dir='ltr'>parce</span> <span class='ocrx_word' id='word_1_87' title='bbox 945 1931 1084 2020; x_wconf 80' lang='lat' dir='ltr'>sepulto3</span> 
     </span>
     <span class='ocr_line' id='line_1_16' title="bbox 201 2034 1057 2122; baseline -0.001 -21"><span class='ocrx_word' id='word_1_88' title='bbox 201 2035 301 2101; x_wconf 90' lang='lat' dir='ltr'>Parce</span> <span class='ocrx_word' id='word_1_89' title='bbox 316 2036 383 2120; x_wconf 88' lang='lat' dir='ltr'>pias</span> <span class='ocrx_word' id='word_1_90' title='bbox 397 2035 553 2099; x_wconf 89' lang='lat' dir='ltr'>scelerare</span> <span class='ocrx_word' id='word_1_91' title='bbox 567 2055 688 2100; x_wconf 84' lang='lat' dir='ltr'>manus.</span> <span class='ocrx_word' id='word_1_92' title='bbox 733 2034 805 2100; x_wconf 87' lang='lat' dir='ltr'>Non</span> <span class='ocrx_word' id='word_1_93' title='bbox 819 2053 869 2098; x_wconf 90' lang='lat' dir='ltr'>me</span> <span class='ocrx_word' id='word_1_94' title='bbox 884 2035 942 2099; x_wconf 90' lang='lat' dir='ltr'>tibi</span> <span class='ocrx_word' id='word_1_95' title='bbox 958 2035 1057 2122; x_wconf 68' lang='lat' dir='ltr'>&#39;Iroja</span> 
     </span>
     <span class='ocr_line' id='line_1_17' title="bbox 200 2135 1040 2222; baseline 0 -18"><span class='ocrx_word' id='word_1_96' title='bbox 200 2139 372 2204; x_wconf 81' lang='lat' dir='ltr'>Externum</span> <span class='ocrx_word' id='word_1_97' title='bbox 386 2137 464 2218; x_wconf 83' lang='lat' dir='ltr'>tulit,</span> <span class='ocrx_word' id='word_1_98' title='bbox 477 2151 532 2202; x_wconf 86' lang='lat' dir='ltr'>aut</span> <span class='ocrx_word' id='word_1_99' title='bbox 546 2159 641 2202; x_wconf 87' lang='lat' dir='ltr'>cruor</span> <span class='ocrx_word' id='word_1_100' title='bbox 656 2137 708 2202; x_wconf 89' lang='lat' dir='ltr'>hic</span> <span class='ocrx_word' id='word_1_101' title='bbox 722 2135 764 2202; x_wconf 88' lang='lat' dir='ltr'>de</span> <span class='ocrx_word' id='word_1_102' title='bbox 778 2140 884 2222; x_wconf 84' lang='lat' dir='ltr'>stipite</span> <span class='ocrx_word' id='word_1_103' title='bbox 898 2151 1014 2204; x_wconf 80' lang='lat' dir='ltr'>manat.</span> <span class='ocrx_word' id='word_1_104' title='bbox 1032 2160 1040 2194; x_wconf 75' lang='grc' dir='ltr'>ι</span> 
     </span>
     <span class='ocr_line' id='line_1_18' title="bbox 200 2240 1014 2328; baseline -0.005 -20"><span class='ocrx_word' id='word_1_105' title='bbox 200 2243 295 2308; x_wconf 88' lang='lat' dir='ltr'>Heu!</span> <span class='ocrx_word' id='word_1_106' title='bbox 317 2243 388 2328; x_wconf 88' lang='lat' dir='ltr'>suge</span> <span class='ocrx_word' id='word_1_107' title='bbox 403 2240 548 2306; x_wconf 84' lang='lat' dir='ltr'>crudeles</span> <span class='ocrx_word' id='word_1_108' title='bbox 561 2254 674 2322; x_wconf 80' lang='lat' dir='ltr'>terras,</span> <span class='ocrx_word' id='word_1_109' title='bbox 687 2241 760 2327; x_wconf 83' lang='lat' dir='ltr'>luge</span> <span class='ocrx_word' id='word_1_110' title='bbox 776 2240 858 2306; x_wconf 85' lang='lat' dir='ltr'>littus</span> <span class='ocrx_word' id='word_1_111' title='bbox 872 2261 1014 2306; x_wconf 65' lang='lat' dir='ltr'>armum.</span> 
     </span>
     <span class='ocr_line' id='line_1_19' title="bbox 198 2343 1078 2431; baseline 0 -21"><span class='ocrx_word' id='word_1_112' title='bbox 198 2345 281 2410; x_wconf 86' lang='lat' dir='ltr'>Nam</span> <span class='ocrx_word' id='word_1_113' title='bbox 297 2343 473 2431; x_wconf 81' lang='lat' dir='ltr'>Polydorus</span> <span class='ocrx_word' id='word_1_114' title='bbox 487 2365 567 2431; x_wconf 87' lang='lat' dir='ltr'>ego:</span> <span class='ocrx_word' id='word_1_115' title='bbox 591 2344 644 2410; x_wconf 85' lang='lat' dir='ltr'>hic</span> <span class='ocrx_word' id='word_1_116' title='bbox 658 2344 816 2410; x_wconf 76' lang='lat' dir='ltr'>confirm</span> <span class='ocrx_word' id='word_1_117' title='bbox 830 2344 936 2410; x_wconf 79' lang='lat' dir='ltr'>tenes</span> <span class='ocrx_word' id='word_1_118' title='bbox 950 2344 1030 2410; x_wconf 86' lang='lat' dir='ltr'>texit</span> <span class='ocrx_word' id='word_1_119' title='bbox 1069 2350 1078 2360; x_wconf 92' lang='lat'>&#39;</span> 
     </span>
     <span class='ocr_line' id='line_1_20' title="bbox 198 2444 905 2534; baseline 0 -22"><span class='ocrx_word' id='word_1_120' title='bbox 198 2444 347 2512; x_wconf 87' lang='lat' dir='ltr'>Telorum</span> <span class='ocrx_word' id='word_1_121' title='bbox 362 2467 461 2534; x_wconf 87' lang='lat' dir='ltr'>seges,</span> <span class='ocrx_word' id='word_1_122' title='bbox 475 2459 507 2511; x_wconf 90' lang='lat' dir='ltr'>et</span> <span class='ocrx_word' id='word_1_123' title='bbox 517 2445 632 2533; x_wconf 87' lang='lat' dir='ltr'>jaculis</span> <span class='ocrx_word' id='word_1_124' title='bbox 646 2447 780 2512; x_wconf 85' lang='lat' dir='ltr'>increvit</span> <span class='ocrx_word' id='word_1_125' title='bbox 793 2449 905 2512; x_wconf 80' lang='lat' dir='ltr'>scutis.</span> 
     </span>
     <span class='ocr_line' id='line_1_21' title="bbox 197 2547 985 2636; baseline -0.003 -20"><span class='ocrx_word' id='word_1_126' title='bbox 197 2551 280 2616; x_wconf 83' lang='lat' dir='ltr'>Tum</span> <span class='ocrx_word' id='word_1_127' title='bbox 295 2549 370 2616; x_wconf 73' lang='lat' dir='ltr'>verti</span> <span class='ocrx_word' id='word_1_128' title='bbox 385 2551 512 2636; x_wconf 90' lang='lat' dir='ltr'>ancipiti</span> <span class='ocrx_word' id='word_1_129' title='bbox 528 2563 663 2616; x_wconf 87' lang='lat' dir='ltr'>mentem</span> <span class='ocrx_word' id='word_1_130' title='bbox 677 2547 843 2615; x_wconf 79' lang='lat' dir='ltr'>formidine</span> <span class='ocrx_word' id='word_1_131' title='bbox 857 2569 985 2636; x_wconf 83' lang='lat' dir='ltr'>pressus</span> 
     </span>
    </p>

    <p class='ocr_par' dir='ltr' id='par_1_3' title="bbox 57 2649 1113 2740">
     <span class='ocr_line' id='line_1_22' title="bbox 57 2649 1113 2740; baseline -0.002 -20"><span class='ocrx_word' id='word_1_132' title='bbox 57 2717 62 2736; x_wconf 77' lang='grc'><em>,</em></span> <span class='ocrx_word' id='word_1_133' title='bbox 196 2653 361 2740; x_wconf 87' lang='lat' dir='ltr'>Obstupui,</span> <span class='ocrx_word' id='word_1_134' title='bbox 377 2666 590 2738; x_wconf 89' lang='lat' dir='ltr'>steteruntque</span> <span class='ocrx_word' id='word_1_135' title='bbox 603 2673 714 2733; x_wconf 81' lang='lat' dir='ltr'>comoe,</span> <span class='ocrx_word' id='word_1_136' title='bbox 728 2663 760 2717; x_wconf 89' lang='lat' dir='ltr'>et</span> <span class='ocrx_word' id='word_1_137' title='bbox 774 2673 838 2718; x_wconf 83' lang='lat' dir='ltr'>vox</span> <span class='ocrx_word' id='word_1_138' title='bbox 852 2652 996 2718; x_wconf 82' lang='lat' dir='ltr'>lancibus</span> <span class='ocrx_word' id='word_1_139' title='bbox 1010 2649 1113 2718; x_wconf 76' lang='lat' dir='ltr'>besto</span> 
     </span>
    </p>

    <p class='ocr_par' dir='ltr' id='par_1_4' title="bbox 239 2753 1168 2844">
     <span class='ocr_line' id='line_1_23' title="bbox 239 2753 1168 2844; baseline -0.004 -20"><span class='ocrx_word' id='word_1_140' title='bbox 239 2759 335 2824; x_wconf 91' lang='lat' dir='ltr'>Hunc</span> <span class='ocrx_word' id='word_1_141' title='bbox 351 2757 544 2844; x_wconf 81' lang='lat' dir='ltr'>Polydorum</span> <span class='ocrx_word' id='word_1_142' title='bbox 559 2757 628 2824; x_wconf 75' lang='lat' dir='ltr'>auri</span> <span class='ocrx_word' id='word_1_143' title='bbox 640 2754 800 2842; x_wconf 84' lang='lat' dir='ltr'>quondam</span> <span class='ocrx_word' id='word_1_144' title='bbox 814 2775 886 2820; x_wconf 89' lang='lat' dir='ltr'>cum</span> <span class='ocrx_word' id='word_1_145' title='bbox 900 2753 1042 2840; x_wconf 83' lang='lat' dir='ltr'>pondere</span> <span class='ocrx_word' id='word_1_146' title='bbox 1055 2775 1168 2843; x_wconf 67' lang='lat' dir='ltr'>magno</span> 
     </span>
    </p>

    <p class='ocr_par' dir='ltr' id='par_1_5' title="bbox 192 2856 1245 4186">
     <span class='ocr_line' id='line_1_24' title="bbox 196 2856 1245 2924; baseline -0.001 0"><span class='ocrx_word' id='word_1_147' title='bbox 196 2859 308 2924; x_wconf 85' lang='lat' dir='ltr'>lnlelix</span> <span class='ocrx_word' id='word_1_148' title='bbox 324 2860 465 2922; x_wconf 89' lang='lat' dir='ltr'>Priamus</span> <span class='ocrx_word' id='word_1_149' title='bbox 479 2859 584 2924; x_wconf 85' lang='lat' dir='ltr'>furtim</span> <span class='ocrx_word' id='word_1_150' title='bbox 599 2857 765 2923; x_wconf 73' lang='lat' dir='ltr'>mandbrst</span> <span class='ocrx_word' id='word_1_151' title='bbox 778 2856 927 2924; x_wconf 79' lang='lat' dir='ltr'>alendum</span> <span class='ocrx_word' id='word_1_152' title='bbox 1197 2867 1245 2923; x_wconf 74' lang='lat'>50</span> 
     </span>
     <span class='ocr_line' id='line_1_25' title="bbox 194 2959 898 3046; baseline -0.001 -20"><span class='ocrx_word' id='word_1_153' title='bbox 194 2961 346 3026; x_wconf 87' lang='lat' dir='ltr'>Threicio</span> <span class='ocrx_word' id='word_1_154' title='bbox 359 2963 436 3046; x_wconf 90' lang='lat' dir='ltr'>regi,</span> <span class='ocrx_word' id='word_1_155' title='bbox 447 2980 543 3044; x_wconf 88' lang='lat' dir='ltr'>quum</span> <span class='ocrx_word' id='word_1_156' title='bbox 552 2961 619 3046; x_wconf 86' lang='lat' dir='ltr'>jam</span> <span class='ocrx_word' id='word_1_157' title='bbox 632 2959 790 3026; x_wconf 83' lang='lat' dir='ltr'>diffideret</span> <span class='ocrx_word' id='word_1_158' title='bbox 803 2961 898 3028; x_wconf 81' lang='lat' dir='ltr'>aruds</span> 
     </span>
     <span class='ocr_line' id='line_1_26' title="bbox 195 3061 1055 3148; baseline 0.002 -19"><span class='ocrx_word' id='word_1_159' title='bbox 195 3063 377 3143; x_wconf 81' lang='lat' dir='ltr'>Dardaniae,</span> <span class='ocrx_word' id='word_1_160' title='bbox 391 3062 536 3148; x_wconf 88' lang='lat' dir='ltr'>cingique</span> <span class='ocrx_word' id='word_1_161' title='bbox 551 3061 663 3127; x_wconf 89' lang='lat' dir='ltr'>urbem</span> <span class='ocrx_word' id='word_1_162' title='bbox 677 3062 842 3129; x_wconf 85' lang='lat' dir='ltr'>obsidione</span> <span class='ocrx_word' id='word_1_163' title='bbox 856 3061 990 3128; x_wconf 79' lang='lat' dir='ltr'>videret.</span> <span class='ocrx_word' id='word_1_164' title='bbox 1052 3127 1055 3132; x_wconf 82' lang='lat'><em>.</em></span> 
     </span>
     <span class='ocr_line' id='line_1_27' title="bbox 195 3164 1044 3250; baseline 0.005 -19"><span class='ocrx_word' id='word_1_165' title='bbox 195 3164 261 3247; x_wconf 90' lang='lat' dir='ltr'>llle,</span> <span class='ocrx_word' id='word_1_166' title='bbox 276 3179 309 3229; x_wconf 96' lang='lat' dir='ltr'>ut</span> <span class='ocrx_word' id='word_1_167' title='bbox 323 3187 399 3250; x_wconf 88' lang='lat' dir='ltr'>opes</span> <span class='ocrx_word' id='word_1_168' title='bbox 413 3165 521 3230; x_wconf 67' lang='lat' dir='ltr'>stactae</span> <span class='ocrx_word' id='word_1_169' title='bbox 537 3165 706 3246; x_wconf 69' lang='lat' dir='ltr'>Teucrum,</span> <span class='ocrx_word' id='word_1_170' title='bbox 721 3177 753 3232; x_wconf 86' lang='lat' dir='ltr'>et</span> <span class='ocrx_word' id='word_1_171' title='bbox 767 3166 891 3234; x_wconf 79' lang='lat' dir='ltr'>tonora</span> <span class='ocrx_word' id='word_1_172' title='bbox 904 3167 1044 3250; x_wconf 78' lang='lat' dir='ltr'>recessit,</span> 
     </span>
     <span class='ocr_line' id='line_1_28' title="bbox 196 3268 1010 3356; baseline 0.006 -22"><span class='ocrx_word' id='word_1_173' title='bbox 196 3268 262 3334; x_wconf 88' lang='lat' dir='ltr'>Res</span> <span class='ocrx_word' id='word_1_174' title='bbox 276 3271 537 3355; x_wconf 86' lang='lat' dir='ltr'>Agamemnonias</span> <span class='ocrx_word' id='word_1_175' title='bbox 552 3270 758 3356; x_wconf 86' lang='lat' dir='ltr'>victriciaque</span> <span class='ocrx_word' id='word_1_176' title='bbox 773 3293 861 3338; x_wconf 84' lang='lat' dir='ltr'>arms</span> <span class='ocrx_word' id='word_1_177' title='bbox 875 3285 1010 3354; x_wconf 86' lang='lat' dir='ltr'>secutus,</span> 
     </span>
     <span class='ocr_line' id='line_1_29' title="bbox 194 3371 1242 3460; baseline 0.003 -22"><span class='ocrx_word' id='word_1_178' title='bbox 194 3371 256 3438; x_wconf 85' lang='lat' dir='ltr'>Pas</span> <span class='ocrx_word' id='word_1_179' title='bbox 271 3393 361 3437; x_wconf 90' lang='lat' dir='ltr'>omne</span> <span class='ocrx_word' id='word_1_180' title='bbox 375 3373 542 3458; x_wconf 87' lang='lat' dir='ltr'>abrumpit,</span> <span class='ocrx_word' id='word_1_181' title='bbox 558 3373 749 3460; x_wconf 82' lang='lat' dir='ltr'>Polydorum</span> <span class='ocrx_word' id='word_1_182' title='bbox 763 3376 940 3457; x_wconf 72' lang='lat' dir='ltr'>obtrumcat,</span> <span class='ocrx_word' id='word_1_183' title='bbox 952 3389 983 3442; x_wconf 86' lang='lat' dir='ltr'>et</span> <span class='ocrx_word' id='word_1_184' title='bbox 996 3397 1073 3444; x_wconf 86' lang='lat' dir='ltr'>euro</span> <span class='ocrx_word' id='word_1_185' title='bbox 1196 3385 1242 3442; x_wconf 80' lang='lat'>5⁵</span> 
     </span>
     <span class='ocr_line' id='line_1_30' title="bbox 194 3473 978 3565; baseline 0.006 -26"><span class='ocrx_word' id='word_1_186' title='bbox 194 3473 239 3540; x_wconf 88' lang='lat' dir='ltr'>Vi</span> <span class='ocrx_word' id='word_1_187' title='bbox 253 3477 378 3560; x_wconf 91' lang='lat' dir='ltr'>potitur.</span> <span class='ocrx_word' id='word_1_188' title='bbox 401 3473 486 3558; x_wconf 83' lang='lat' dir='ltr'>Quid</span> <span class='ocrx_word' id='word_1_189' title='bbox 501 3497 563 3540; x_wconf 91' lang='lat' dir='ltr'>non</span> <span class='ocrx_word' id='word_1_190' title='bbox 578 3475 723 3542; x_wconf 83' lang='lat' dir='ltr'>mortalia</span> <span class='ocrx_word' id='word_1_191' title='bbox 737 3491 867 3564; x_wconf 84' lang='lat' dir='ltr'>pectora</span> <span class='ocrx_word' id='word_1_192' title='bbox 879 3480 978 3565; x_wconf 87' lang='lat' dir='ltr'>cogis,</span> 
     </span>
     <span class='ocr_line' id='line_1_31' title="bbox 194 3578 1052 3668; baseline 0.006 -25"><span class='ocrx_word' id='word_1_193' title='bbox 194 3580 272 3643; x_wconf 85' lang='lat' dir='ltr'>Auri</span> <span class='ocrx_word' id='word_1_194' title='bbox 287 3601 378 3644; x_wconf 87' lang='lat' dir='ltr'>sacra</span> <span class='ocrx_word' id='word_1_195' title='bbox 392 3581 513 3644; x_wconf 80' lang='lat' dir='ltr'>sames?</span> <span class='ocrx_word' id='word_1_196' title='bbox 535 3578 703 3664; x_wconf 86' lang='lat' dir='ltr'>Postquam</span> <span class='ocrx_word' id='word_1_197' title='bbox 717 3602 818 3666; x_wconf 88' lang='lat' dir='ltr'>pavor</span> <span class='ocrx_word' id='word_1_198' title='bbox 831 3603 904 3648; x_wconf 84' lang='lat' dir='ltr'>ossa</span> <span class='ocrx_word' id='word_1_199' title='bbox 917 3582 1052 3668; x_wconf 85' lang='lat' dir='ltr'>reliquit,</span> 
     </span>
     <span class='ocr_line' id='line_1_32' title="bbox 192 3680 1088 3772; baseline 0.009 -28"><span class='ocrx_word' id='word_1_200' title='bbox 192 3680 342 3746; x_wconf 91' lang='lat' dir='ltr'>Delectos</span> <span class='ocrx_word' id='word_1_201' title='bbox 357 3680 463 3767; x_wconf 92' lang='lat' dir='ltr'>populi</span> <span class='ocrx_word' id='word_1_202' title='bbox 477 3681 518 3746; x_wconf 83' lang='lat' dir='ltr'>ad</span> <span class='ocrx_word' id='word_1_203' title='bbox 533 3703 690 3768; x_wconf 87' lang='lat' dir='ltr'>proceres,</span> <span class='ocrx_word' id='word_1_204' title='bbox 704 3681 901 3770; x_wconf 76' lang='lat' dir='ltr'>primumque</span> <span class='ocrx_word' id='word_1_205' title='bbox 915 3699 1088 3772; x_wconf 81' lang='lat' dir='ltr'>parentem,</span> 
     </span>
     <span class='ocr_line' id='line_1_33' title="bbox 193 3783 1063 3874; baseline 0.002 -22"><span class='ocrx_word' id='word_1_206' title='bbox 193 3786 335 3852; x_wconf 86' lang='lat' dir='ltr'>Monstra</span> <span class='ocrx_word' id='word_1_207' title='bbox 348 3783 442 3850; x_wconf 81' lang='lat' dir='ltr'>deum</span> <span class='ocrx_word' id='word_1_208' title='bbox 456 3788 569 3868; x_wconf 84' lang='lat' dir='ltr'>resero,</span> <span class='ocrx_word' id='word_1_209' title='bbox 584 3799 615 3851; x_wconf 89' lang='lat' dir='ltr'>et</span> <span class='ocrx_word' id='word_1_210' title='bbox 629 3808 699 3872; x_wconf 83' lang='lat' dir='ltr'>qum</span> <span class='ocrx_word' id='word_1_211' title='bbox 714 3789 755 3851; x_wconf 88' lang='lat' dir='ltr'>sit</span> <span class='ocrx_word' id='word_1_212' title='bbox 769 3792 921 3854; x_wconf 86' lang='lat' dir='ltr'>sententia</span> <span class='ocrx_word' id='word_1_213' title='bbox 935 3807 1063 3874; x_wconf 73' lang='lat' dir='ltr'>poscat</span> 
     </span>
     <span class='ocr_line' id='line_1_34' title="bbox 192 3886 1239 3972; baseline 0.001 -19"><span class='ocrx_word' id='word_1_214' title='bbox 192 3886 344 3953; x_wconf 90' lang='lat' dir='ltr'>Omnibus</span> <span class='ocrx_word' id='word_1_215' title='bbox 357 3886 441 3952; x_wconf 90' lang='lat' dir='ltr'>idem</span> <span class='ocrx_word' id='word_1_216' title='bbox 456 3892 578 3954; x_wconf 85' lang='lat' dir='ltr'>animus</span> <span class='ocrx_word' id='word_1_217' title='bbox 592 3887 746 3954; x_wconf 67' lang='lat' dir='ltr'>scelerati</span> <span class='ocrx_word' id='word_1_218' title='bbox 760 3889 916 3956; x_wconf 80' lang='lat' dir='ltr'>excedere</span> <span class='ocrx_word' id='word_1_219' title='bbox 931 3891 1025 3972; x_wconf 68' lang='lat' dir='ltr'>terrfi,</span> <span class='ocrx_word' id='word_1_220' title='bbox 1191 3897 1239 3954; x_wconf 77' lang='lat' dir='ltr'>st)</span> 
     </span>
     <span class='ocr_line' id='line_1_35' title="bbox 192 3988 1113 4078; baseline 0.003 -24"><span class='ocrx_word' id='word_1_221' title='bbox 192 3989 308 4074; x_wconf 89' lang='lat' dir='ltr'>Linqui</span> <span class='ocrx_word' id='word_1_222' title='bbox 321 3988 471 4074; x_wconf 90' lang='lat' dir='ltr'>pollutum</span> <span class='ocrx_word' id='word_1_223' title='bbox 487 3991 661 4078; x_wconf 87' lang='lat' dir='ltr'>hospitium,</span> <span class='ocrx_word' id='word_1_224' title='bbox 676 4006 707 4058; x_wconf 88' lang='lat' dir='ltr'>et</span> <span class='ocrx_word' id='word_1_225' title='bbox 720 3992 799 4059; x_wconf 87' lang='lat' dir='ltr'>dere</span> <span class='ocrx_word' id='word_1_226' title='bbox 813 3993 966 4059; x_wconf 86' lang='lat' dir='ltr'>classibus</span> <span class='ocrx_word' id='word_1_227' title='bbox 981 4007 1113 4062; x_wconf 87' lang='lat' dir='ltr'>austros.</span> 
     </span>
     <span class='ocr_line' id='line_1_36' title="bbox 193 4089 962 4186; baseline 0.013 -32"><span class='ocrx_word' id='word_1_228' title='bbox 193 4089 276 4178; x_wconf 87' lang='lat' dir='ltr'>Ergo</span> <span class='ocrx_word' id='word_1_229' title='bbox 292 4092 497 4160; x_wconf 83' lang='lat' dir='ltr'>instauramus</span> <span class='ocrx_word' id='word_1_230' title='bbox 513 4095 674 4181; x_wconf 90' lang='lat' dir='ltr'>Polydoro</span> <span class='ocrx_word' id='word_1_231' title='bbox 686 4098 787 4178; x_wconf 81' lang='lat' dir='ltr'>sunus,</span> <span class='ocrx_word' id='word_1_232' title='bbox 803 4111 835 4162; x_wconf 86' lang='lat' dir='ltr'>et</span> <span class='ocrx_word' id='word_1_233' title='bbox 849 4101 962 4186; x_wconf 87' lang='lat' dir='ltr'>ingens</span> 
     </span>
    </p>
   </div>
   <div class='ocr_carea' id='block_1_3' title="bbox 0 0 1450 5002">
    <p class='ocr_par' dir='ltr' id='par_1_6' title="bbox 0 0 1450 5002">
     <span class='ocr_line' id='line_1_37' title="bbox 0 0 1450 5002; baseline 0 5"><span class='ocrx_word' id='word_1_234' title='bbox 0 0 1450 5002; x_wconf 95' lang='lat' dir='ltr'> </span> 
     </span>
    </p>
   </div>
  </div>
 </body>
</html>
