2772 4998
580 409 697 472 cissa
717 409 766 472 Xl.

180 559 403 650 AEterntimque
419 563 500 630 vale.
545 565 614 632 Nec
629 568 720 652 plura
734 565 852 648 effatus,
868 561 1004 634 adultos

176 663 345 732 Tendebat
359 691 473 750 muros,
488 691 689 757 gressumque
705 673 735 736 in
750 685 854 736 castra
869 671 1002 738 serebat.

218 769 355 854 Jamque
369 783 511 836 oratores
525 771 657 836 aderant
671 795 711 837 ex
726 773 804 838 urbe
825 771 947 853 Latina,

178 869 287 935 Velati
302 875 398 938 ramis
412 871 500 953 oleas,
515 877 702 959 veniamque
712 888 876 960 rogantes:

177 975 331 1062 Corpora,
346 999 404 1064 per
418 999 546 1064 campos
560 981 645 1044 ferro
659 1001 729 1064 quae
745 981 813 1044 lusa
823 979 984 1066 jacebant,

177 1079 348 1161 Redderet,
364 1103 401 1146 ac
417 1082 534 1147 tumulo
548 1083 662 1148 sineret
676 1082 848 1148 succedere
863 1097 976 1162 terrae3

177 1178 304 1246 Nullum
319 1205 391 1248 cum
406 1183 495 1248 victis
510 1197 670 1250 certamen
685 1197 716 1249 et
730 1185 849 1249 ethere
863 1185 981 1263 cassis3

179 1283 327 1351 Parceret
340 1286 514 1374 hospitibus
529 1287 687 1373 quondam
702 1289 882 1374 socerisque
896 1291 1028 1352 vocatis.

175 1388 262 1470 Quos
276 1389 376 1456 bonus
392 1391 517 1472 AEneas,
532 1391 615 1456 baud
631 1392 825 1479 aspernanda
839 1403 1014 1479 precantes,

176 1489 377 1577 Prosequitur
391 1494 493 1575 venii,
508 1508 539 1560 et
552 1496 659 1560 verbis
675 1495 742 1560 baec
757 1497 885 1580 insuper
899 1491 1006 1558 addit:

216 1594 369 1676 Quanam
383 1618 440 1661 vos
455 1609 540 1662 tanto
555 1598 679 1662 fortuna
693 1597 830 1684 indigna,
844 1596 959 1676 Latini,

175 1695 332 1782 implicuit
346 1697 439 1780 bello,
455 1699 508 1784 qui
524 1721 580 1765 nos
596 1701 718 1786 fugiatis
733 1703 872 1764 amicost

174 1797 290 1864 Pacem
305 1822 355 1866 me
370 1803 523 1867 exanimis
538 1816 569 1868 et
583 1803 694 1868 Martis
708 1815 792 1866 sorte
805 1805 976 1888 peremptis

171 1901 297 1984 Oratis;
319 1904 466 1990 equidem
480 1918 511 1970 et
525 1907 605 1971 viris
619 1905 796 1971 concedere
810 1905 934 1972 vellem.

170 2005 241 2072 Nec
255 2011 338 2088 veni,
352 2009 413 2074 nisi
427 2009 492 2074 iata
508 2007 611 2075 locum
624 2009 794 2094 sedemque
807 2007 986 2090 dedissent3

170 2108 240 2174 Nec
255 2108 371 2176 bellum
385 2132 456 2176 cum
470 2126 562 2197 gente
576 2133 662 2198 gero.
707 2111 779 2176 Rex
794 2123 899 2176 nostra
912 2110 1039 2196 reliquit

170 2213 330 2299 Hospitis,
344 2227 375 2278 et
391 2213 490 2279 Turni
505 2213 605 2300 potiris
620 2237 655 2280 se
668 2213 804 2279 credidit
818 2218 924 2278 armis.

168 2311 304 2402 AEquiirs
320 2316 392 2382 huic
407 2316 546 2381 Turnum
561 2317 663 2382 suerat
677 2337 711 2380 se
726 2335 886 2401 opponere
900 2316 1001 2381 morti.

169 2419 204 2484 Si
217 2419 335 2487 bellum
349 2421 438 2488 linire
453 2441 556 2502 manu,
571 2423 597 2485 si
611 2420 729 2507 pellere
745 2419 886 2483 Teucros

167 2527 320 2609 Apparet,
334 2523 384 2588 his
398 2545 519 2591 mecum
528 2525 639 2590 ,decuit
653 2543 842 2589 concurrere
857 2521 944 2585 telisr

111 2607 118 2719 l
151 2626 277 2724 Jixet,
291 2630 341 2694 cui
356 2632 452 2695 vitam
467 2629 544 2694 deus
560 2641 611 2694 aut
627 2649 683 2693 sua
697 2627 810 2691 dextra
824 2623 974 2689 dedisset.

105 2806 109 2826 Ι
167 2699 327 2812 Numito,
342 2744 373 2796 et
387 2735 508 2798 miseris
523 2733 686 2817 supponite
701 2730 822 2794 civibus
837 2731 950 2813 ignem.

209 2831 345 2898 Dixerat
358 2831 497 2898 AEneas:
520 2832 575 2898 olli
590 2829 780 2918 obstupuere
794 2829 937 2910 silentes3

154 2933 384 3028 Quoversique
399 2935 506 3000 oculos
521 2936 600 3000 inter
615 2957 650 3000 se
664 2947 759 3020 atque
774 2955 830 2997 ora
845 2931 1038 3032 tenebant.)

164 3035 249 3102 Tum
263 3039 377 3118 senior,
391 3059 576 3124 semperque
590 3037 669 3104 odiis
684 3051 715 3102 et
728 3037 856 3101 crimine
871 3034 1014 3099 Drances

163 3139 306 3206 lnfensus
317 3143 426 3230 juveni
440 3141 558 3221 Turno,
572 3143 616 3206 sic
631 3163 685 3207 ore
699 3140 836 3205 vicissim

162 3241 248 3307 Orsa
262 3244 359 3308 refert
374 3267 382 3306 r
405 3241 435 3308 Ο
449 3243 533 3308 fama
547 3247 665 3330 ingens,
679 3242 830 3329 ingentior
844 3243 949 3319 armis,

163 3345 228 3410 Vir
241 3345 390 3432 Trojano,
401 3345 515 3430 quibus
529 3344 611 3409 coelo
625 3359 655 3410 te
670 3342 815 3409 laudibus
825 3345 969 3427 aequeml
1005 3359 1013 3382 ‘

161 3447 336 3513 Justitiaene
351 3446 438 3535 priris
454 3452 557 3529 mirer,
571 3448 688 3514 belline
702 3447 866 3512 laborum?

161 3549 230 3616 Nos
243 3550 321 3616 verb
336 3549 405 3616 hoec
419 3555 554 3638 patriam
569 3553 648 3638 grati
664 3551 832 3614 referemus
849 3546 890 3611 ad
904 3547 1025 3628 urbem,

160 3651 205 3716 Et
219 3665 260 3732 te,
275 3655 302 3718 si
318 3675 380 3738 qua
394 3654 477 3718 viam
492 3653 615 3719 dederit
629 3655 762 3732 fortuna,
776 3651 889 3716 Latino

155 3751 332 3842 'Jungemus
346 3759 434 3840 regi:
457 3769 576 3841 quaerat
590 3757 652 3821 sibi
667 3753 789 3820 foedera
804 3753 939 3818 Turnus.

158 3857 246 3939 Quin
260 3871 292 3923 et
305 3856 417 3923 fatales
431 3879 588 3922 murorum
602 3855 744 3921 attollere
759 3854 866 3934 moles,

157 3961 310 4046 Saxaque
325 3962 512 4026 subvectare
527 3960 665 4025 humeris
679 3960 827 4044 Trojana‚
837 3957 972 4046 juvabit.

158 4061 299 4127 Dixerat
314 4061 402 4144 baec;
423 4083 548 4148 unoque
562 4083 669 4128 omnes
684 4059 795 4126 eadem
809 4081 865 4125 ore
879 4060 1062 4127 fremebant.
