2648 5288
1279 348 1314 373 N

531 716 687 780 ECLOGA
706 720 742 780 X.

144 871 213 939 Nec
228 869 373 957 lacrymis
387 866 522 934 crudelis
537 869 644 948 Amor,
660 893 720 935 nec
734 871 871 955 gramina
886 870 968 951 rivis,

143 979 211 1045 Nec
226 981 326 1064 cytiso
341 992 516 1042 saturantur
531 998 615 1062 apes,
632 998 691 1041 nec
707 976 814 1041 fronde
831 978 971 1063 capellae.

185 1083 297 1149 Tristis
313 1083 422 1161 atille,
445 1081 566 1147 Tamen
581 1084 752 1161 cantabitis,
769 1083 919 1162 Arcades,
935 1083 1042 1170 inquit,

142 1187 298 1256 Montibus
314 1191 380 1254 haec
397 1190 524 1253 vestris:
547 1186 602 1252 soli
618 1204 743 1253 cantare
761 1189 848 1274 periti

143 1301 297 1364 Arcades.
319 1296 350 1359 Ο
365 1295 439 1359 mibi
454 1309 518 1358 tum
534 1294 628 1378 qudm
643 1294 773 1357 molliter
787 1316 857 1358 osso
872 1297 1039 1382 quiescant,
1087 1339 1090 1349 ,

142 1400 255 1470 Vestra
269 1423 358 1465 meos
373 1402 445 1464 olim
461 1400 485 1462 si
501 1397 600 1463 fistula
616 1401 698 1463 dicat
713 1401 855 1464 amores!

142 1509 248 1593 Atque
262 1508 378 1571 utinam
394 1526 434 1568 ex
450 1504 536 1568 vobis
551 1526 640 1583 unus,
657 1507 810 1589 vestrique
827 1505 953 1570 fuissem

143 1614 211 1678 Aut
223 1627 325 1677 cusos
339 1611 450 1695 gregis,
466 1624 518 1673 aut
533 1623 657 1674 mature
673 1611 782 1674 vinitor
797 1632 861 1676 uve
875 1614 883 1675 l

144 1717 250 1794 Certi,
266 1719 330 1781 sive
348 1717 421 1780 mihi
437 1713 565 1801 Phyllis,
582 1717 645 1781 sire
661 1731 744 1781 esset
759 1717 918 1802 Amyntas,

142 1822 208 1887 Seu
223 1823 411 1909 quicumque
426 1820 509 1885 furor
525 1820 613 1909 (quid
630 1836 705 1901 tum,
721 1823 745 1886 si
761 1822 865 1889 luscus
875 1823 1053 1911 Amyntas?

139 1926 185 1994 Et
195 1931 287 2014 nigra
302 1929 389 1993 viola
404 1941 484 2004 sunt,
500 1941 532 1991 et
547 1928 684 2001 vaccinia
699 1925 811 2015 nigra),
900 1991 908 2007 „
1014 1951 1018 1960 ’

138 2034 269 2101 Mecum
285 2037 365 2100 inter
380 2034 489 2100 salices
504 2033 588 2097 lenti
603 2034 658 2098 suh
674 2034 734 2098 vite
745 2033 886 2121 jacerem
972 2035 974 2039 ’

138 2141 232 2207 Serta
247 2142 323 2207 mihi
339 2141 458 2226 Phyllis
473 2141 600 2226 legeret,
615 2156 753 2208 cantaret
769 2143 929 2229 Amyntas.

103 2284 107 2289 -
137 2245 206 2315 Hic
221 2248 315 2332 gelidi
332 2246 442 2325 lontes,
459 2245 509 2311 hic
524 2246 627 2310 mollia
643 2259 739 2332 prate,
757 2245 895 2332 Lycori3

140 2352 206 2419 Hic
222 2376 355 2419 nemus:
377 2352 428 2418 bic
444 2355 509 2439 ipso
523 2366 627 2418 tecum
642 2374 840 2419 consumerer
852 2375 927 2419 evo.

185 2460 279 2526 Nunc
294 2462 420 2524 insanus
436 2479 521 2524 amor
536 2459 603 2523 duri
619 2473 650 2523 te
666 2460 774 2525 Martis
789 2462 818 2524 in
835 2463 926 2526 armis

140 2564 223 2632 Tela
237 2569 318 2631 inter
336 2566 450 2645 media,
467 2580 558 2652 atque
575 2568 720 2631 adversos
735 2568 850 2632 detinet
861 2568 986 2632 hostes:

139 2669 192 2736 Tu
209 2672 316 2758 procul
331 2693 350 2735 a
367 2668 465 2757 patrib
480 2669 554 2758 (nco
571 2673 609 2736 sit
623 2672 696 2735 mihi
713 2672 842 2736 credere
857 2684 974 2737 tantum
988 2671 1013 2759 l)

138 2767 280 2860 Alpinas,
296 2777 334 2841 alr
351 2778 449 2841 dura!
472 2778 557 2840 nives
574 2790 605 2840 et
620 2776 732 2860 frigora
749 2777 851 2839 Rheni

142 2881 201 2947 Me
217 2884 280 2947 sine
295 2883 359 2947 sola
375 2882 474 2945 vides.
518 2881 569 2944 Ab
585 2885 592 2946 l
617 2895 648 2944 te
664 2902 703 2944 ne
720 2880 831 2965 frigora
847 2879 974 2945 laedant!

139 2989 214 3054 Ah!
237 2990 288 3053 tibi
304 3010 344 3053 ne
360 3003 483 3052 teneras
495 2989 609 3073 glacies
626 3002 711 3051 secet
728 3007 837 3073 aspera
853 2988 989 3072 plantas!

183 3097 249 3176 lbn,
266 3110 309 3174 et,
326 3094 510 3160 Chalcidico
528 3117 594 3181 quae
611 3109 680 3159 sunt
695 3095 767 3158 mihi
784 3095 907 3160 condita
922 3117 1011 3161 versu

137 3201 300 3279 Carmina,
315 3204 444 3287 pastoris
460 3200 557 3266 Siculi
574 3201 753 3265 modulabor
769 3200 876 3266 avenh.

139 3304 271 3371 Certum
289 3322 336 3371 est
352 3308 380 3370 in
397 3306 488 3383 silvis,
500 3307 578 3371 inter
594 3307 704 3391 spelaea
719 3306 863 3386 serarum,

138 3411 234 3478 Malle
251 3414 326 3498 pati,
342 3414 517 3497 tenerisque
533 3434 621 3477 meos
636 3413 771 3476 incidere
788 3434 908 3478 amores

139 3524 333 3589 Arboribus:
357 3536 497 3586 crescent
513 3522 593 3602 illae3
616 3524 772 3599 crescetis,
789 3541 920 3585 amores.

141 3627 264 3694 Interea
282 3630 384 3692 mixtis
399 3629 533 3692 lustrabo
549 3625 678 3691 Menala
695 3626 857 3712 Nymphis,

139 3735 204 3799 Aut
219 3756 308 3799 acres
322 3734 458 3799 venabor
474 3755 587 3819 apros,
610 3754 669 3798 non
684 3756 735 3797 me
752 3735 813 3797 ulla
828 3733 972 3799 vetabunt

140 3835 271 3925 Frigora
288 3840 469 3904 Parthenios
485 3839 611 3904 canibus
626 3839 816 3903 circumdare
830 3838 921 3902 saltus
936 3863 944 3902 τ

139 3943 210 4010 Jam
227 3949 300 4012 mihi
315 3967 371 4032 per
387 3969 479 4032 rupes
494 3948 600 4010 videor
615 3946 761 4031 lucosque
777 3960 918 4010 sonantes

141 4050 190 4116 lre
205 4074 215 4131 3
237 4053 311 4116 libet
326 4052 443 4116 Partho
458 4069 601 4138 torquere
617 4050 760 4135 Cydonia
775 4073 869 4115 cornu

143 4156 290 4240 Spicula:
313 4173 457 4243 tauquam
474 4159 538 4222 haec
554 4158 718 4221 sint-nostri
736 4158 887 4221 medicina
903 4155 1021 4236 luroris,
1126 4163 1168 4224 60

141 4263 206 4325 Aut
220 4264 297 4327 deus
314 4264 364 4327 ille
381 4263 468 4327 malis
481 4262 636 4326 bominum
652 4263 813 4325 mitescere
831 4263 948 4328 discat!

140 4363 212 4429 Jam
227 4389 328 4453 neque
346 4367 581 4453 Hamadryades
597 4382 714 4429 rursum
727 4389 785 4430 nec
801 4369 936 4433 carmina
950 4370 1036 4435 nobis

141 4468 369 4560 lpsaplacen13
391 4476 473 4560 ipse,
489 4494 609 4540 rursum
624 4473 796 4550 concedite,
812 4474 912 4538 silve:

451 4578 470 4641 5
