2772 4998
507 473 623 542 LIBER
643 479 678 541 ri.

114 635 246 702 Loricam
260 634 430 723 clypeique
444 639 552 722 ingens
566 655 644 703 onus
659 634 786 722 impedit
801 635 902 704 hasta.

112 739 181 804 'lbm
194 754 288 828 caput
302 744 420 806 orantis
435 739 654 825 nequidquam,
669 755 699 805 et
714 740 809 805 multa
822 743 961 827 parantis

111 843 224 927 Dicere,
236 847 383 911 deturbat
396 858 509 925 terrae3
530 858 734 931 truncumque
747 857 903 932 tepentem
1069 850 1128 910 55⁵

111 947 298 1029 Provolvens,
312 971 407 1035 super
421 949 488 1013 haec
503 950 630 1013 inimico
644 963 772 1035 pectore
787 952 886 1015 latur:

111 1051 173 1115 lstic
186 1075 277 1133 nunc,
292 1051 466 1131 metuende,
477 1053 569 1138 jace:
591 1075 652 1116 non
667 1065 698 1116 te
712 1054 826 1139 optima
842 1065 942 1118 mater

110 1153 221 1220 Condet
236 1157 332 1236 humi,
345 1160 487 1242 patriove
501 1157 646 1221 onerabit
659 1158 800 1222 membra
816 1157 974 1243 sepulcro:

108 1253 231 1321 Alitibus
246 1256 387 1343 linquere
402 1259 492 1337 seris3
515 1272 568 1322 aut
581 1260 703 1344 gurgite
718 1278 854 1324 mersum

106 1353 192 1422 Unda
204 1359 295 1438 seret,
310 1361 474 1444 piscesque
489 1359 611 1445 impasti
627 1361 755 1425 vulnera
771 1361 920 1425 lambent.
1069 1365 1131 1424 560

108 1459 245 1527 Protenus
259 1467 403 1527 Antaeum
418 1477 449 1526 et
463 1464 593 1544 Lucam,
606 1468 709 1549 prima
724 1466 846 1550 agmina
861 1465 970 1544 lurni,

108 1563 307 1651 Persequitur,
321 1556 495 1652 fortemque
510 1567 654 1647 Numam,
669 1568 848 1654 fulvumque
863 1567 1051 1646 Camertem,

106 1663 295 1754 Magnanimo
311 1668 481 1733 Volscente
496 1683 605 1749 satum,
619 1669 787 1734 ditissimus
804 1674 871 1756 agri

104 1767 159 1851 Qui
172 1773 227 1837 suit
240 1769 448 1854 Ausoniddm,
462 1785 493 1838 et
508 1776 611 1837 tacitis
625 1777 767 1860 regnavit
782 1772 938 1859 Amyclis.

87 1871 221 1970 AEgaeon
219 1877 351 1985 qualis,
366 1891 489 1942 centum
503 1899 554 1943 eur
546 1879 700 1943 brachia
715 1878 822 1943 dicunt
1064 1878 1125 1942 565

103 1947 314 2066 Centenasque
327 2003 446 2061 manus,
461 1983 682 2067 quinquaginta
697 1983 827 2046 oribus
818 2003 922 2068 ignem

102 2079 341 2169 Pectoribusque
356 2085 479 2165 arsisse,
493 2083 580 2148 Jovis
596 2105 690 2170 quum
706 2085 833 2150 fulmina
852 2097 962 2150 contra

101 2181 156 2248 Tot
167 2189 297 2271 paribus
311 2201 464 2274 streperet
478 2189 609 2275 clypeis,
624 2201 668 2253 tot
682 2193 847 2275 stringeret
863 2211 970 2254 enses:

100 2285 146 2350 Sic
159 2299 221 2352 toto
234 2287 358 2354 AEneas
372 2289 502 2354 desaevit
516 2293 547 2354 in
563 2311 688 2374 aequore
702 2291 813 2369 vietor,

100 2383 139 2450 Ut
150 2391 243 2456 semel
258 2395 393 2479 intepuit
407 2413 525 2456 mucro.
569 2393 653 2474 Quin
668 2413 743 2456 ecce
759 2391 883 2477 Niphaei
912 2381 913 2384 ¹
1066 2395 1127 2455 ⁵¹10

97 2489 300 2583 Quadrijuges
314 2500 347 2560 in
362 2517 458 2582 equos
473 2493 668 2578 adversaque
682 2507 811 2580 pectora
826 2491 942 2558 tendit:

98 2595 190 2680 Atque
204 2597 250 2663 illi
265 2599 359 2685 longe
374 2597 567 2686 gradientem
583 2611 613 2661 et
627 2596 696 2662 dira
711 2597 894 2662 frementem

95 2692 135 2759 Ut
146 2699 265 2781 videre,
284 2712 370 2764 metu
384 2705 477 2780 versi,
492 2711 639 2783 retroque
653 2712 787 2780 ruentes,

94 2794 323 2888 Effunduntque
338 2801 460 2882 ducem,
474 2802 660 2888 rapiuntque
675 2800 716 2866 ad
731 2800 837 2866 littora
851 2819 971 2864 eumne.

129 2903 251 2972 Interea
268 2906 384 2993 bijugis
398 2907 490 2971 infert
504 2927 538 2970 se
552 2905 698 2992 Lucagus
713 2905 792 2970 albis
1063 2907 1124 2970 5⁷⁵

92 3002 122 3070 ln
134 3008 265 3089 medios,
280 3011 442 3092 fraterque
458 3009 573 3096 Liger:
595 3007 651 3072 sed
667 3008 764 3072 frater
779 3007 911 3073 habenis

91 3105 196 3177 Flectit
210 3135 332 3198 equos3
354 3116 493 3176 strictum
508 3123 590 3175 rotat
604 3133 678 3176 acer
693 3111 838 3197 Lucagus
852 3132 969 3176 ensem.

89 3209 179 3280 Haud
195 3215 268 3280 tulit
285 3213 403 3281 AEneas
418 3215 533 3279 tantos
531 3235 641 3278 ervore
655 3215 809 3278 furentes.

87 3312 183 3396 lrmit,
197 3316 426 3402 adversaque
417 3337 525 3402 ingens
541 3319 686 3424 apparuit
700 3315 800 3380 hasta.

86 3413 140 3482 Cui
153 3419 271 3508 Liger:
1058 3423 1120 3482 580

86 3515 151 3584 Νοιι
164 3521 339 3588 Diomedis
354 3540 461 3607 equos,
475 3541 534 3586 nec
549 3539 659 3586 currus
673 3521 775 3586 cernis
791 3517 916 3600 Achilli,

84 3623 141 3688 Aut
156 3624 311 3713 Phrygias
327 3643 474 3711 campos:
497 3643 579 3688 nunc
593 3621 669 3688 belli
684 3622 751 3686 finis
766 3634 797 3685 et
811 3623 871 3684 aevi

84 3721 141 3788 His
153 3725 286 3794 dabitur
301 3731 407 3792 terrio.
451 3726 580 3792 Vesano
595 3724 671 3788 talia
685 3724 750 3788 late

81 3823 172 3918 Dicta
185 3832 302 3897 volant
317 3831 441 3918 Ligeri:
464 3831 520 3894 sed
535 3851 595 3894 non
610 3841 641 3892 et
655 3827 769 3892 Troius
784 3825 877 3891 heros

80 3925 171 3997 Dicta
184 3947 285 4021 parat
299 3934 431 4014 contrd3
448 3932 589 4020 jaculum
603 3952 675 3996 nam
689 3941 812 4014 torquet
826 3929 857 3993 in
873 3927 1000 3994 hostem.
1055 3933 1118 3991 585

79 4028 231 4122 Lucagus,
246 4049 285 4101 ut
300 4057 419 4122 pronus
433 4034 572 4122 pendens
587 4036 619 4097 in
633 4031 768 4097 verbera
782 4029 845 4095 telo

80 4133 248 4207 Admonuit
262 4139 402 4226 bijugos,
416 4140 557 4225 projecto
571 4135 645 4204 dum
659 4132 741 4222 pede
755 4133 836 4200 lavo

398 4246 440 4304 42
