2772 4998
260 459 300 516 tt
688 455 877 516 AENEIDOS

281 609 481 674 incassumve
496 624 564 675 tuos
578 609 663 674 volui
677 629 828 674 exercere
843 607 988 689 labores3

280 712 432 794 Quamvis
447 726 478 776 et
494 713 610 776 Priami
624 711 775 776 deberem
790 710 925 796 plurima
940 715 1029 792 natis,

280 815 321 878 Et
335 813 446 880 durum
464 815 570 880 AEneae
584 815 738 880 flevissem
753 813 837 899 saepti
852 813 1006 878 laborem.

280 918 370 982 Nunc
384 919 475 984 Jovis
489 920 628 1005 imperiis
644 917 831 984 Rutulorum
845 917 982 982 constitit
995 917 1076 982 oris:

280 1021 365 1107 Ergo
380 1021 491 1086 eadem
506 1021 638 1108 supplex
653 1024 757 1100 venio,
771 1034 803 1083 et
816 1033 958 1085 sanctum
973 1019 1051 1084 mihi
1063 1041 1179 1085 numen

280 1125 379 1188 Arma
395 1145 472 1210 rogo
487 1124 628 1210 genetrix
643 1136 727 1188 nato.
772 1123 821 1187 Te
836 1122 900 1188 filia
914 1121 1024 1204 Nerei,

279 1225 329 1290 Te
343 1227 442 1312 potuit
457 1225 607 1312 lacrymis
622 1225 771 1293 Tithonia
785 1226 911 1290 flectere
925 1225 1054 1311 conjux.

279 1329 418 1416 Adspice
433 1334 487 1416 qui
500 1333 614 1396 coeant
628 1329 747 1416 populi,
761 1350 831 1415 quae
846 1329 961 1394 moenia
974 1327 1090 1392 clausis

279 1433 412 1500 Ferrum
428 1447 539 1498 acuant
553 1437 652 1520 portis
667 1435 697 1500 in
712 1453 762 1498 mc
777 1433 998 1516 excidiumque
1012 1451 1163 1496 meorum.

322 1535 477 1616 Dicerem
499 1536 530 1601 'et
543 1540 643 1601 niveis
659 1536 732 1602 hinc
748 1549 842 1622 atque
860 1535 932 1601 hinc
946 1535 1020 1599 diva
1035 1533 1163 1600 lacertis

279 1638 487 1704 Cunctantem
503 1637 649 1724 amplexu
664 1638 750 1703 molli
763 1639 867 1704 louet:
890 1636 944 1702 ille
959 1636 1090 1722 repente

277 1743 412 1827 Accepit
426 1740 548 1806 solitam
564 1741 732 1821 flammam,
746 1755 899 1827 notusque
913 1739 1067 1806 medullas

277 1845 408 1910 Intravit
422 1844 521 1926 calor,
536 1859 567 1911 et
581 1846 739 1912 labefacta
755 1869 812 1932 per
826 1868 899 1911 osse
911 1846 1068 1912 cucurrit:

277 1947 349 2013 Non
364 1947 455 2014 secus
469 1962 563 2034 atque
578 1949 651 2014 olim
667 1951 779 2014 tonitru
794 1972 889 2035 quum
904 1963 997 2036 rupta
1012 1968 1146 2014 corusco

277 2049 372 2136 ignea
387 2051 465 2116 rima
480 2055 600 2117 micans
615 2051 771 2137 percurrit
786 2051 900 2116 lumine
915 2051 1050 2116 nimbos.

275 2157 379 2222 Sensit
393 2157 464 2222 laeta
479 2155 559 2222 dolis
574 2171 604 2224 et
619 2159 727 2222 formae
740 2159 869 2224 conscia
883 2160 1009 2245 conjux.

274 2259 357 2323 Tum
372 2271 462 2344 pater
476 2272 593 2324 aeterno
608 2261 691 2324 futur
705 2257 868 2324 devinctus
882 2280 1009 2339 amore3

274 2361 359 2446 Quid
374 2384 487 2428 causas
502 2366 638 2466 petispx
654 2363 740 2428 altoi
761 2361 878 2428 fiducia
891 2363 986 2428 cessit

274 2465 346 2548 Qud
362 2467 429 2547 tibi,
442 2465 526 2547 diva,
542 2469 626 2531 meii
647 2425 755 2532 similis
769 2467 796 2530 si
809 2487 887 2530 curs
903 2466 1020 2544 finisset,

273 2567 356 2633 Tum
372 2591 496 2655 quoque
511 2569 558 2634 fas
573 2569 664 2634 nobis
680 2569 821 2634 Teucros
836 2588 961 2632 armare
975 2566 1103 2644 fuissem

273 2669 342 2736 Nec
357 2687 446 2759 pater
461 2672 654 2758 omnipotens
669 2671 798 2758 Trojam
814 2691 872 2735 nec
887 2670 954 2734 sata
967 2669 1119 2734 vetabant

274 2775 375 2855 Stare,
389 2774 562 2859 decemque
577 2773 656 2838 alios
671 2774 829 2838 Priamum
843 2793 1006 2858 superesse
1022 2793 1080 2857 per
1095 2791 1205 2836 armos.

247 2915 255 2931 ι
273 2875 315 2942 Et
330 2899 421 2956 nure,
436 2877 462 2940 si
476 2875 597 2940 bellare
612 2897 716 2960 paras,
736 2889 829 2962 atque
844 2876 915 2940 hee
929 2876 988 2940 tibi
1004 2895 1091 2938 mens
1107 2887 1166 2953 est,
1248 2875 1299 2931 ⁴00

272 2981 433 3066 Quidquid
448 2981 478 3044 in
493 2993 560 3044 arte
575 2981 645 3044 meti
659 3002 784 3065 possum
799 2984 983 3066 promittere
997 2999 1093 3060 curte,

147 3107 152 3120 ·
272 3085 366 3167 Quod
381 3084 449 3147 fieri
462 3084 547 3146 terro
561 3081 720 3167 liquidove
734 3096 837 3168 potest
851 3083 980 3164 electro,

271 3183 429 3269 Quantum
444 3189 531 3271 ignes
546 3185 718 3269 animmque
733 3184 856 3267 velent3
878 3187 995 3251 absiste
1008 3183 1174 3273 precando

273 3290 404 3355 Viribus
419 3287 595 3352 indubitare
610 3286 680 3352 tuis.
724 3288 772 3352 Ea
788 3289 888 3353 verba
903 3288 1033 3370 locutus,

271 3391 404 3477 Optatos
418 3390 506 3455 dedit
520 3391 693 3476 amplexus,
707 3389 928 3476 placidumque
943 3393 1053 3478 petivit
1247 3395 1299 3454 405

271 3493 422 3581 Conjugis
437 3493 553 3558 inlusus
566 3496 686 3579 gremio
700 3515 758 3578 per
771 3493 914 3558 membra
927 3514 1085 3578 soporem.

314 3597 391 3664 lnde
405 3597 459 3662 ubi
473 3597 574 3681 prima
589 3600 688 3680 quies,
698 3595 802 3662 medio
811 3597 879 3683 jam
894 3597 993 3661 noctis
1008 3597 1131 3661 abactae

271 3693 448 3781 Curriculo,
462 3697 626 3785 expulerat
640 3721 800 3778 somnum3
823 3720 918 3783 quum
932 3700 1061 3764 immina
1074 3697 1221 3785 primum,

271 3805 332 3871 Cui
347 3806 482 3870 tolerare
496 3803 567 3870 colo
581 3805 677 3868 vitam
693 3805 839 3886 tenuique
854 3803 1001 3868 Mineruia

271 3910 461 3996 impositum,
476 3909 612 3972 cinerem
628 3918 660 3970 et
673 3909 792 3992 sopitos
805 3906 934 3970 suscitat
948 3906 1045 3991 ignes,
1248 3907 1302 3967 tlt

271 4013 403 4077 Noctem
419 4009 539 4074 addens
553 4010 651 4094 operi,
666 4007 860 4092 famulasque
875 4005 917 4072 ad
933 4007 1049 4074 lumina
1063 4008 1157 4096 longo

271 4115 409 4180 Exercet
422 4134 530 4199 penso,
544 4125 664 4178 castum
679 4125 712 4176 ut
723 4115 854 4178 'servare
868 4109 975 4178 cubile
