2756 5010
536 435 651 498 LIBER
671 437 746 498 Vlll.

138 591 344 678 stringentem
358 595 455 676 ripas,
470 606 501 655 et
514 593 641 680 pinguia
654 593 737 659 culta
752 607 919 676 secantem,

138 694 295 759 Caeruleus
310 695 441 780 Tybris
455 695 536 760 eoelo
550 698 742 784 gratissimus
757 701 866 762 amnis.

138 795 202 862 Hic
218 797 294 862 mibi
308 819 421 882 magna
435 795 555 878 domus,
569 799 663 863 celsis
677 817 771 884 caput
785 801 913 864 urbibus
928 805 1002 864 exit.
1129 807 1169 874 65

178 900 286 981 Dixit;
308 900 423 965 deinde
438 900 509 968 lacu
525 903 634 966 fluvius
648 923 682 966 se
695 903 835 968 condidit
849 905 921 984 alto,
1030 973 1033 984 ,

138 1005 202 1068 lma
216 1017 346 1090 petens:
369 1027 432 1068 nox
448 1004 568 1070 AEnean
583 1027 770 1092 somnusque
785 1005 922 1092 reliquit.

138 1108 260 1194 Surgit;
283 1121 323 1187 et,
338 1107 456 1172 etherii
470 1121 617 1193 spectans
630 1109 763 1172 orientia
777 1106 852 1172 solis

138 1209 280 1290 Lumina,
294 1210 353 1273 rite
367 1213 455 1274 cavis
470 1209 584 1275 undam
599 1209 640 1274 de
656 1211 779 1274 llumine
794 1208 908 1296 palmis

137 1313 274 1393 Sustulit,
289 1335 327 1377 ac
343 1311 420 1377 tales
436 1311 563 1378 effundit
578 1313 619 1378 ad
634 1313 753 1378 aethera
769 1335 880 1380 voces:
1132 1323 1171 1382 70

138 1415 303 1502 Nymphae,
318 1416 493 1480 Laurentes
507 1415 675 1502 Nymphae,
689 1437 786 1502 genus
801 1416 946 1481 amnibus
960 1415 1043 1480 unde
1057 1429 1114 1498 est,
1214 1473 1223 1485 .

138 1519 257 1605 Tuque,
272 1541 292 1583 o
307 1519 411 1604 Tybri
426 1532 478 1582 tuo
492 1523 615 1604 genitor
628 1541 700 1582 cum
716 1519 842 1584 llumine
861 1531 979 1600 sancto,

137 1623 280 1709 Accipite
295 1621 425 1701 AEnean,
439 1633 469 1686 et
484 1621 610 1686 tandem
625 1633 731 1686 arcete
745 1621 882 1707 periclis.

136 1725 202 1808 Quo
216 1739 248 1790 te
262 1747 396 1811 cumque
412 1724 498 1790 lacus
513 1728 712 1790 miserantem
726 1725 923 1790 incommoda
937 1739 1042 1792 nostra

137 1825 230 1892 Fonte
247 1840 341 1907 tenet,
355 1847 552 1912 quocumque
567 1825 634 1890 solo
647 1826 874 1911 pulcherrimus
890 1831 967 1909 exis,
1130 1835 1170 1894 75

138 1931 265 2016 Semper
279 1929 398 1994 honore
413 1951 493 2007 meo,
507 1949 631 2014 semper
644 1928 850 1994 celebrabere
865 1929 964 2010 donis,

136 2031 639 2138 Comigertllesperiduuqlluvius
653 2046 800 2118 regnator
814 2053 976 2117 aquarum.

137 2135 224 2200 Adsis
239 2159 260 2199 o
275 2133 403 2214 tantrlm,
419 2148 450 2199 et
463 2132 590 2220 propitls
606 2147 658 2199 tua
672 2138 799 2200 numina
815 2136 928 2201 firmes.

175 2243 224 2306 Sic
242 2253 403 2322 memorat,
417 2244 620 2326 geminasque
635 2239 709 2326 legit
724 2239 764 2304 de
778 2240 879 2306 classe
895 2243 1042 2322 biremes,

137 2341 339 2430 Remigioque
351 2353 457 2428 aptat;
479 2343 579 2406 socios
594 2341 683 2405 simul
698 2343 822 2406 instruit
836 2346 942 2407 armis.
1129 2350 1169 2408 80

138 2446 215 2511 Ecce
230 2459 346 2527 autem,
360 2447 497 2512 subitum
512 2459 605 2531 atque
620 2445 720 2509 oculis
735 2445 881 2510 mirabile
896 2459 1074 2527 monstrum,

137 2549 280 2614 Candida
295 2571 353 2635 per
367 2549 478 2614 silvam
493 2569 565 2612 cum
576 2549 652 2612 foetu
667 2545 816 2612 concolor
831 2546 905 2612 albo

139 2653 311 2732 Procubuit,
325 2651 483 2737 viridique
498 2655 530 2716 in
545 2652 649 2716 littore
663 2653 863 2737 conspicitur,
878 2675 947 2717 sus:
999 2725 1002 2730 ¹

137 2755 231 2838 Quam
246 2757 317 2843 pius
334 2753 449 2820 AEneas
464 2755 522 2820 tibi
538 2758 631 2835 enim,
646 2755 714 2834 tibi,
729 2756 866 2820 maxima
879 2755 971 2835 Juno,

136 2858 262 2938 lllactat,
277 2879 367 2924 sacra
381 2858 495 2936 serens,
509 2869 625 2922 etcum
639 2878 734 2943 grege
748 2857 827 2922 sistit
843 2855 884 2922 ad
900 2877 997 2921 aram.
1128 2866 1167 2924 86

137 2958 252 3046 Tybris
270 2960 307 3024 ed
322 2959 458 3038 fluvium,
473 2959 565 3042 quam
580 2958 671 3044 longa
688 2973 743 3038 est,
758 2973 849 3024 nocte
865 2973 1032 3024 tumentem

138 3063 244 3144 Leniit,
260 3077 292 3127 et
306 3061 400 3128 tacitai
414 3060 548 3126 refluens
563 3063 607 3125 ita
622 3061 758 3126 substitit
771 3061 865 3143 unda,

138 3167 215 3232 ttius
229 3183 262 3232 ut
279 3171 311 3232 in
326 3187 444 3231 morem
460 3165 558 3251 stagni
573 3163 769 3252 placideque
788 3164 913 3250 paludis

138 3269 290 3336 Sterneret
304 3289 413 3354 aequor
428 3271 528 3354 aquis,
542 3289 629 3332 remo
644 3282 676 3332 ut
691 3267 846 3332 luctamen
861 3269 996 3334 abesset.

138 3371 215 3461 Ergo
229 3373 290 3437 iter
304 3375 462 3457 inceptum
477 3369 616 3434 celerant
630 3391 754 3434 rumore
770 3369 917 3434 secundo.
1128 3382 1169 3442 90

139 3475 265 3540 Labitur
279 3487 375 3540 uncta
389 3471 480 3538 vadis
494 3472 602 3536 abies:
626 3475 777 3537 mirantur
792 3486 823 3536 et
836 3471 938 3553 undae,

140 3577 268 3644 Miratur
282 3599 390 3644 nemus
405 3578 557 3642 insuetum
572 3574 723 3662 fulgentia
737 3573 828 3662 longd

139 3687 226 3752 Scuta
241 3687 345 3752 virtim
359 3687 462 3766 fluvio,
476 3689 639 3771 pictasque
654 3688 763 3748 innare
778 3687 913 3750 carinas.

138 3789 196 3854 Olli
209 3792 339 3878 remigio
354 3803 539 3874 noctemque
554 3787 701 3873 diemque
717 3789 857 3874 fatigant,

140 3891 176 3956 Et
189 3890 295 3980 longos
309 3904 458 3980 superant
473 3891 582 3970 flexus,
596 3893 756 3974 variisque
771 3902 915 3976 teguntur
1129 3899 1170 3960 95

139 3995 319 4076 Arboribus,
335 3995 513 4078 viridesque
529 4007 636 4058 secant
650 3991 778 4079 placido
793 4013 921 4077 aequore
936 3991 1041 4059 silvas.

140 4097 188 4162 Sol
203 4099 338 4166 medium
352 4098 427 4166 coeli
441 4097 670 4166 conscenderat
685 4100 793 4184 igneus
808 4097 929 4177 orbem,
