2648 5288
533 830 650 893 ussit
669 833 704 892 V.
1098 844 1156 900 400

116 986 268 1075 Sanguine
280 988 386 1051 cernis
399 983 504 1051 adhuc
519 987 682 1075 fractoque
695 990 813 1056 infecta
825 992 1013 1065 cerebro-4·

120 1092 178 1155 llis
191 1112 332 1178 magnum
346 1088 481 1155 Alciden
495 1103 605 1157 contra
619 1096 723 1157 stetit:
746 1093 794 1158 his
809 1116 867 1182 ego
880 1108 997 1178 suetus,

122 1194 201 1259 Dum
213 1194 320 1260 melior
332 1197 420 1259 vires
433 1198 560 1282 sanguis
573 1194 682 1279 dabat,
695 1198 807 1263 aemuls
824 1198 959 1266 necdum
1089 1209 1150 1263 415

125 1296 322 1385 Temporibus
333 1302 468 1386 geminis
481 1300 618 1365 canebat
631 1322 744 1387 sparsa
756 1318 911 1370 senecnu.

130 1398 195 1480 Sed,
207 1403 232 1465 si
244 1415 350 1467 nostra
362 1401 469 1467 Dares
483 1401 552 1467 hee
566 1403 680 1468 Troius
695 1425 783 1470 arma
803 1418 938 1488 recusat,

132 1500 219 1588 idque
229 1506 278 1591 pio
290 1504 382 1571 sedet
396 1504 511 1586 sace,
524 1506 639 1591 probet
652 1520 764 1572 auctor
777 1511 919 1590 Acestes,

136 1600 282 1691 Equemus
294 1628 427 1694 pugnas.
470 1608 587 1694 Erycis
599 1609 658 1674 tibi
673 1624 761 1697 terge
775 1616 919 1690 remitto,

136 1702 216 1773 totve
226 1724 339 1790 metus3
360 1723 392 1774 et
406 1724 440 1775 tu
454 1711 609 1797 Trojanos
623 1734 704 1777 exue
719 1727 842 1779 caestus.
1087 1720 1150 1780 tto

138 1804 206 1875 llus
218 1814 301 1895 latus,
315 1811 474 1900 duplicem
488 1837 530 1879 ex
545 1816 682 1881 humeris
695 1818 806 1904 rejecit
820 1819 987 1898 amictum

142 1904 294 2003 ltuagrns
308 1916 521 1982 membranum
535 1930 630 1997 artus,
644 1940 759 2004 magna
771 1940 854 2000 oms,
869 1919 1078 2005 lacertosque,

144 2008 224 2099 Exul,
236 2032 326 2105 etque
340 2022 450 2106 ingens
463 2019 567 2085 medii
580 2025 722 2085 consistit
736 2022 844 2087 areni.

146 2114 208 2188 Tun
218 2141 293 2191 satus
307 2126 449 2193 Anchise
462 2140 576 2191 caestus
589 2142 680 2214 peter
694 2128 806 2194 extulit
819 2150 936 2215 requos,

147 2216 433 2315 ltnfibnspatmas
448 2230 610 2294 amborum
625 2234 767 2295 innexuit
780 2234 888 2296 armis.
1085 2235 1146 2293 405

150 2317 261 2395 Contu
273 2336 306 2397 in
321 2330 436 2419 digitos
450 2330 611 2418 extemplo
625 2347 767 2397 arrectus
780 2347 922 2419 uterquc,

153 2420 312 2523 litaniisque
326 2436 369 2501 ud
383 2457 514 2522 superes
528 2437 686 2501 interritus
697 2437 811 2503 extulit
829 2460 935 2504 surus.

152 2528 284 2604 Abduxere
297 2552 384 2605 retro
398 2537 489 2625 longi
503 2542 611 2624 capite
625 2539 725 2605 ardus
739 2540 783 2605 ab
796 2541 881 2621 ictu3

150 2626 350 2726 luuircentque
364 2662 473 2706 manus
487 2641 642 2721 munibus,
657 2662 854 2728 pugnumque
869 2642 1037 2707 lacessunt.

148 2730 188 2799 lle
196 2742 295 2825 pedum
311 2742 422 2809 melior
435 2755 530 2822 motu,
544 2744 703 2828 fretusque
714 2744 860 2831 juventi:
1084 2748 1146 2807 480

144 2836 193 2905 llic
202 2847 340 2912 membris
355 2860 386 2911 et
399 2846 481 2911 mole
495 2846 624 2929 valens3
645 2848 702 2911 sed
717 2848 808 2913 tarda
822 2853 966 2913 trementi

140 2942 223 3013 &nun
235 2948 361 3028 labant3
382 2963 486 3015 vastos
501 2953 601 3034 quatit
615 2970 700 3036 aeger
714 2948 870 3015 anhelitus
884 2963 981 3014 artus.
1000 2970 1007 2991 ¹

134 3048 215 3117 linita
226 3058 283 3119 riri
298 3053 510 3140 nequidquam
525 3055 605 3118 inter
619 3076 654 3119 se
668 3053 800 3119 vulnera
808 3055 941 3141 jactant,

130 3152 214 3223 ttutn
225 3180 303 3224 caro
316 3158 408 3225 lateri
423 3161 622 3246 ingeminant,
638 3171 669 3223 et
683 3171 813 3244 pectore
827 3170 934 3221 vastos

118 3256 199 3325 Dant
212 3262 343 3343 sonitus3
364 3274 512 3347 erratque
526 3283 618 3326 aures
633 3274 665 3325 et
679 3275 819 3347 tempore
833 3264 954 3326 circum
1083 3267 1144 3325 435

118 3360 235 3430 Crebra
247 3386 376 3446 manus3
397 3364 477 3431 duro
489 3366 646 3451 crepitant
660 3366 720 3430 sub
733 3365 864 3431 vulnere
878 3363 981 3430 malm.

113 3468 179 3533 Stat
191 3473 293 3555 gravis
308 3467 459 3550 Entellus,
472 3472 604 3555 nisuque
619 3469 762 3533 immotus
777 3468 900 3550 eodem,

111 3568 251 3658 Corpore
265 3572 328 3637 tela
341 3572 437 3637 modd
450 3586 545 3659 atque
557 3572 658 3638 oculis
671 3571 874 3659 vigilantibus
887 3575 964 3637 exit.
994 3594 1002 3631 ·,

106 3672 175 3756 Ille,
188 3676 271 3741 velut
283 3675 403 3743 celsum
416 3690 574 3763 oppugnat
588 3677 642 3761 qui
655 3675 791 3741 molibus
810 3676 931 3757 urbem,

103 3780 171 3845 An
184 3792 330 3843 montana
344 3777 433 3845 sedet
445 3781 568 3843 circum
583 3776 715 3843 castella
727 3778 788 3841 sub
802 3781 908 3857 armis,
1078 3787 1141 3844 440

102 3880 200 3947 Nunc
215 3880 280 3964 lius,
293 3904 376 3947 nunc
391 3880 462 3946 illos
476 3880 588 3960 aditus,
601 3902 789 3966 omnemque
803 3893 947 3968 pererrat

100 3989 185 4052 Arte
201 3982 310 4067 locum
324 3999 356 4050 et
370 3989 470 4051 variis
483 3985 652 4051 assultibus
665 3988 773 4050 irritus
787 3997 888 4071 urget.

98 4088 250 4155 Ostendit
263 4090 409 4157 dextram
423 4094 584 4177 insurgens
599 4088 751 4169 Entellus,
765 4103 796 4153 et
810 4088 874 4153 atts

98 4188 246 4271 Extuli13
267 4190 320 4257 ille
334 4192 429 4258 ictum
443 4192 619 4257 venientem
634 4192 785 4256 avertice
800 4188 894 4256 velox

98 4292 265 4375 Presidit,
278 4294 440 4382 celerique
454 4296 580 4383 elapsis
594 4317 727 4382 corpore
741 4298 846 4360 cessit.
1082 4297 1144 4354 445

100 4394 250 4461 Entellus
262 4382 350 4465 vires
361 4402 393 4463 in
408 4412 536 4463 ventum
550 4397 671 4477 effudit,
685 4411 717 4462 et
729 4397 812 4462 ultro

99 4498 178 4585 lpse
192 4503 298 4585 gravis
311 4502 512 4589 graviterque
525 4501 568 4569 ad
582 4515 700 4567 terram
713 4499 852 4587 pondere
868 4509 958 4563 vasto
