2772 4998
608 977 977 1070 muamus
1048 955 1053 964 ’

572 1257 707 1323 LIBER
734 1257 1007 1324 UNDEClMUS.

294 1461 448 1529 Ocmnurr
464 1469 583 1532 interea
598 1489 726 1554 surgens
740 1470 864 1532 Aurora
878 1465 1014 1549 reliquit.

293 1563 417 1648 AEneas,
432 1589 608 1656 quanquam
624 1585 654 1637 et
669 1573 761 1635 sociis
775 1571 852 1636 dare
867 1585 987 1656 tempus
1002 1567 1161 1636 humandis

294 1665 494 1755 Praecipitant
507 1694 602 1754 curae,
616 1675 804 1758 turbataque
819 1675 926 1737 sunere
941 1693 1028 1737 mens
1042 1687 1098 1755 est,

225 1777 230 1788 '
294 1767 379 1833 Vota
394 1770 487 1837 deum
502 1777 603 1859 primo
617 1779 719 1840 victor
734 1775 877 1839 solvebat
892 1775 971 1838 Eoo.

293 1869 450 1956 Ingentem
466 1895 626 1960 quercum,
640 1878 754 1942 decisis
769 1879 906 1962 undique
921 1878 1025 1958 ramis,

294 1972 460 2042 Constituit
475 1979 601 2060 tumulo,
616 1981 827 2068 fulgentiaque
844 1980 942 2045 induit
957 2001 1054 2060 arma,

293 2077 433 2144 Mezenti
447 2080 536 2147 ducis
551 2087 690 2164 exuvias
706 2086 772 2165 tibi,
788 2107 909 2172 magne,
924 2097 1085 2169 tropaeum,

294 2179 504 2268 Bellipotens:
528 2198 614 2271 aptat
628 2199 768 2252 rorantes
784 2188 932 2274 sanguine
946 2187 1065 2265 cristas,

294 2283 435 2369 Telaque
451 2300 561 2352 trunca
576 2289 645 2368 viri,¹
661 2301 691 2353 et
705 2290 755 2353 bis
771 2311 827 2352 sex
844 2289 1136 2396 thoracapetitum,

295 2386 531 2475 Perfossumque
546 2389 623 2454 locis
638 2416 647 2470 3
668 2390 878 2476 clypeumque
894 2412 934 2453 ex
949 2411 1011 2454 aere
1026 2390 1157 2454 sinistrae
1285 2395 1320 2454 tu

252 2487 255 2496 ¹
297 2491 449 2578 Subligat,
463 2505 556 2576 atque
571 2513 676 2556 ensem
690 2491 773 2556 collo
788 2491 948 2576 suspendit
963 2490 1125 2554 eburnum.

294 2595 375 2679 Tum
390 2602 502 2679 socios,
517 2618 650 2682 namque
665 2598 763 2664 omnis
778 2621 848 2663 eum
863 2601 976 2683 stipata
992 2598 1118 2684 tegebat

294 2699 404 2765 Turba
419 2700 542 2782 ducum,
557 2701 600 2765 sic
617 2700 768 2786 incipiens
784 2700 924 2764 hortatur
938 2714 1084 2764 ovantes:

337 2804 477 2868 Maxima
493 2827 543 2869 res
559 2803 680 2884 effecta,
695 2805 775 2867 viri:
797 2807 889 2867 timor
903 2805 1002 2867 omnis
1018 2803 1136 2884 abesto,

259 2877 280 3041 J
293 2907 385 2991 Quod
401 2923 553 2996 superest.
598 2911 680 2974 Haec
696 2923 765 2974 sunt
780 2909 890 2996 spolia,
905 2922 934 2972 et
950 2907 990 2972 de
1006 2930 1080 2995 rege
1095 2909 1234 2996 superbo
1290 2915 1325 2971 ts

258 3046 261 3061 ·
295 2994 461 3093 Primiliae3
483 3013 686 3098 manibusque
701 3014 777 3078 meis
792 3013 966 3077 Mezentius
982 3011 1032 3076 hic
1048 3026 1105 3076 est.

254 3098 257 3110 ⁵
293 3116 384 3182 Nunc
399 3118 457 3182 iter
472 3117 513 3182 ad
528 3122 634 3205 regem
649 3120 739 3184 nobis
754 3139 919 3202 murosque
934 3117 1075 3181 Latinus.

292 3221 389 3284 Arma
404 3233 524 3305 parate,
539 3221 652 3285 animis
661 3233 692 3285 et
707 3241 762 3306 spe
777 3222 954 3306 presumite
970 3217 1105 3293 bellum

292 3321 341 3386 Ne
357 3343 418 3407 qua
433 3344 521 3387 mora
535 3323 670 3409 ignaros,
684 3322 738 3386 ubi
751 3319 884 3407 primdm
900 3319 1017 3384 vellere
1032 3323 1121 3406 signa

292 3424 465 3489 Annuerint
479 3426 582 3509 superi
597 3425 775 3509 pubemque
791 3422 926 3487 educere
938 3423 1058 3502 castris,
1292 3427 1332 3486 20

291 3525 453 3612 Impediat,
468 3547 618 3612 segnesve
633 3539 716 3590 metu
732 3529 885 3590 sententia
899 3525 1013 3590 tardet.

290 3629 413 3695 interea
428 3629 530 3694 socios
545 3629 765 3714 inhumataque
780 3651 914 3714 corpora
930 3642 1020 3693 terrm

290 3733 497 3813 Mandemus3
519 3736 573 3817 qui
588 3731 671 3797 solus
686 3733 784 3798 honus
795 3734 975 3798 Acheronte
990 3733 1049 3797 sub
1063 3735 1127 3797 imo
1143 3747 1209 3799 est.

289 3837 345 3916 lte,
360 3838 413 3918 ait,
427 3836 568 3922 egregias
583 3839 714 3916 animas,
727 3857 796 3921 quae
812 3840 959 3922 sanguine
974 3836 1063 3900 nobis

288 3941 383 4007 Hanc
398 3940 530 4026 patriam
544 3938 697 4024 peperere
711 3961 777 4017 suo,
792 3937 940 4003 decorate
955 3938 1106 4024 supremis
1299 3947 1335 4005 rt

287 4041 493 4121 Muneribus3
512 4057 715 4124 moestamque
732 4039 870 4104 Evandri
885 4040 1003 4125 primus
1018 4038 1059 4103 ad
1073 4038 1195 4108 urbem

287 4143 429 4209 Mittatur
444 4140 560 4224 Pallas,
575 4165 668 4228 quem
682 4164 745 4208 non
760 4141 880 4207 virtutis
896 4157 1037 4228 egentem
