2756 5010
247 459 306 518 m
689 455 880 518 AENEIDOS

185 597 189 606 ’
288 609 438 696 scrupea,
453 623 519 674 tuta
534 608 606 676 lacu
621 611 709 697 nigro
724 631 947 696 nemorumque
963 611 1113 692 tenebris,

285 713 389 798 Quam
404 737 498 800 super
514 713 597 780 heud
610 713 680 778 ulle
695 726 840 800 poterant
854 715 980 799 impune
994 715 1137 780 volantes

287 813 434 882 Tendere
450 817 509 880 iter
522 816 642 902 pennis,
657 814 727 880 talis
742 837 812 882 sese
827 813 941 880 halitus
956 817 1031 880 utris
1246 817 1289 874 sto

287 913 447 982 Faucibus
462 916 623 984 effundens
637 937 750 1005 supera
765 917 808 982 ad
822 937 966 983 convexa
980 919 1122 1000 ferebat3

286 1015 396 1102 [Unde
411 1020 514 1086 locum
527 1021 616 1106 Graii
631 1019 780 1086 dixerunt
793 1021 917 1086 nomine
932 1023 1089 1109 Amnon]

286 1124 429 1207 Quatuor
443 1125 496 1191 hle
512 1123 645 1212 primim
659 1125 817 1212 nigrantes
832 1139 921 1212 terge
929 1127 1085 1212 juvencos

288 1225 468 1310 Constituit,
482 1230 637 1315 frontique
652 1231 786 1316 invergit
800 1230 873 1294 vina
888 1229 1056 1294 sacerdos:

287 1331 330 1398 Et
344 1353 479 1398 summas
493 1353 628 1418 carpens
643 1329 748 1396 media
762 1331 842 1396 inter
855 1353 974 1426 cornua
992 1346 1086 1413 setas,
1249 1329 1290 1386 94⁵

285 1433 413 1520 ignibus
427 1439 558 1521 imponit
572 1438 682 1516 sacris,
696 1433 845 1500 libamina
859 1439 973 1520 prima,

286 1535 379 1602 Voce
394 1558 511 1602 vocans
526 1537 682 1618 Hecaten,
696 1537 842 1622 coeloque
857 1537 1027 1624 Ereboque
1041 1550 1206 1626 potentem.

285 1639 470 1726 Supponunt
484 1639 538 1706 alii
553 1640 680 1720 cultros,
694 1639 897 1726 tepidumque
912 1663 1058 1707 cruorem

285 1743 465 1830 Suscipiunt
478 1744 606 1830 pateris.
651 1745 721 1830 lpse
736 1745 796 1809 atri
810 1743 938 1810 velleris
958 1766 1072 1832 agnem

286 1845 403 1913 AEneas
417 1851 509 1913 matri
524 1845 742 1928 Eumenidum,
756 1866 938 1933 magnaeque
954 1852 1065 1928 sorori,
1250 1845 1293 1904 2⁵⁰

285 1949 370 2016 Ense
385 1951 477 2030 ferit3
498 1948 699 2040 sterilemque
715 1949 783 2030 tibi,
799 1949 1000 2042 Proserpina,
1014 1971 1157 2016 vaccam.

284 2051 367 2118 'ium
383 2053 493 2139 Stygio
508 2051 756 2140 regrilnocturnas
769 2051 898 2118 inchoat
914 2074 996 2134 aras,

284 2155 326 2222 Et
340 2155 440 2222 solida
454 2159 585 2243 imponit
598 2159 900 2241 taurorumviscera
906 2155 1057 2270 ‚dammis

285 2259 404 2346 Pingue
419 2260 515 2346 super
529 2258 633 2324 oleum
647 2244 812 2324 infundens
827 2258 1012 2326 ardentibus
1026 2262 1117 2326 extis.

326 2365 413 2431 Ecce
428 2377 542 2446 autem,
556 2363 650 2451 primi
663 2363 723 2428 sub
738 2362 855 2429 lumina
869 2363 944 2428 solis
959 2377 990 2430 et
1005 2379 1101 2445 ortus,
1251 2363 1296 2420 ²5⁵

282 2465 350 2532 Sub
364 2466 500 2557 pedibus
514 2465 631 2552 mugire
646 2463 757 2546 solum,
771 2477 802 2530 et
813 2467 891 2554 juga
903 2479 1009 2555 caepta
1023 2472 1146 2532 moueri

285 2567 453 2652 Silvarum,
467 2572 607 2656 visaeque
621 2589 717 2634 canes
732 2568 852 2634 ululare
867 2591 925 2655 per
938 2571 1095 2650 umbram,

281 2675 481 2744 Adventante
495 2672 567 2739 des.
583 2683 596 2748 l
613 2669 735 2752 Procul,
750 2693 779 2753 o,
793 2671 904 2758 procul
919 2686 994 2753 este,
1009 2673 1146 2759 profani,

282 2777 469 2846 Conclamat
483 2790 581 2855 vates,
595 2788 722 2860 totoque
738 2774 878 2840 absistite
893 2775 976 2840 luco.
992 2789 998 2858 ι

281 2883 396 2969 Tuque
411 2877 524 2946 invade
539 2879 634 2956 viarm
648 2876 825 2963 vaginaque
839 2879 928 2964 eripe
942 2879 1079 2945 serrum:
1253 2877 1303 2936 260

280 2983 373 3052 Nunc
388 2982 498 3047 animis
513 2999 602 3065 opus,
616 2977 726 3059 AEnes,
741 3001 822 3044 nunc
837 2993 966 3066 pectore
981 2983 1082 3048 firmo.
1203 3031 1209 3044 .

280 3083 417 3152 Tantitm
427 3079 536 3162 effata,
550 3080 654 3146 furens
669 3093 760 3145 antro
774 3103 809 3146 se
823 3083 949 3150 immisit
962 3096 1093 3170 aperto:
1229 3087 1233 3100 '

281 3187 339 3254 ille
353 3172 467 3254 ducem
481 3181 566 3250 baud
581 3181 696 3247 timidis
710 3182 878 3250 vadentem
893 3187 1036 3271 passibus
1043 3201 1171 3286 pquat.

322 3291 369 3358 Dt
383 3289 496 3376 quibus
510 3286 675 3373 imperium
689 3299 737 3351 est
751 3289 935 3370 animarum,
949 3291 1138 3377 umbraeque
1153 3296 1179 3358 si
1193 3303 1275 3356 entes.

166 3391 175 3410 ⁰
280 3393 322 3462 Et
336 3393 453 3474 Chaos,
467 3403 499 3456 et
514 3386 802 3490 Phlegethonqloca
816 3403 908 3456 nocte
923 3397 1061 3459 tacentia
1075 3393 1169 3483 late„
1253 3393 1304 3452 965

281 3503 327 3568 Sit
340 3499 418 3567 mibi
432 3499 480 3564 fas
495 3495 603 3562 audita
617 3493 712 3581 loquq
726 3495 765 3560 sit
780 3481 905 3562 numine
919 3511 1024 3574 vestro

280 3603 424 3673 Pandere
439 3622 490 3666 res
504 3597 568 3665 alti
582 3598 666 3664 terra
680 3611 713 3664 et
724 3597 860 3686 calip'ne
874 3623 1004 3668 mersas.

279 3711 372 3776 ibant
385 3704 511 3771 obscuri
524 3699 592 3768 sols
606 3701 664 3767 sub
678 3715 770 3768 nocte
785 3725 843 3788 per
857 3706 1012 3785 umbram,
1066 3781 1072 3790 ,

279 3811 402 3897 Perque
417 3807 526 3873 domos
540 3803 624 3869 Ditis
637 3825 753 3870 vacuas
768 3817 799 3869 et
813 3809 919 3871 inania
933 3829 1048 3894 regna:

277 3913 379 4001 Quale
393 3933 451 3999 per
465 3913 618 3978 incertam
632 3907 736 3974 lunam
751 3910 811 3974 sub
826 3909 896 3975 luce
910 3910 1048 3999 maligni
1258 3914 1312 3974 att)

279 4019 336 4086 Est
350 4017 409 4083 iter
422 4019 456 4081 in
470 4015 567 4096 silvis,
579 4013 635 4078 ubi
648 4013 762 4078 coelum
776 4013 918 4081 condidit
932 4009 1045 4082 umbra

279 4123 412 4210 Jupiter,
426 4131 458 4186 et
471 4117 567 4190 rebus
581 4137 645 4182 nox
659 4114 786 4183 abstulit
800 4131 869 4190 atra
883 4118 1035 4188 colorem.
