2890 5002
229 461 282 515 tot
660 457 850 518 munos

265 606 302 672 ld
315 613 657 694 manensque
670 631 791 674 memor
804 613 952 678 Sannnia
966 611 1045 676 belli

265 709 371 774 Prima
385 710 470 796 qma
483 709 525 775 ad
539 711 670 798 Troiam
683 735 743 798 μω
756 715 841 778 ears
854 729 994 801 em
1008 719 1114 803 Arsia

263 811 635 878 Necdumetiamcam
650 819 922 900 irarumsaeviqne
938 815 1064 881 dolores
1254 827 1292 883 2⁵

263 915 458 982 Exciderant
472 921 594 983 murno:
616 933 723 984 mana
736 918 800 984 atu
813 935 916 985 mente
932 921 1091 1008 reptlstum

260 1018 422 1084 iudicium
437 1019 571 1100 Paridis,
584 1035 762 1108 spretaque
775 1023 889 1109 injuria
905 1023 1024 1104 formae,

262 1122 304 1188 Et
317 1145 414 1210 genus
428 1127 571 1203 invisum,
585 1139 617 1186 et
630 1127 714 1208 rapti
727 1123 924 1208 Ganymedis
939 1125 1087 1190 honores.

262 1227 326 1291 His
341 1249 476 1292 accensa
490 1247 593 1311 siper,
603 1227 741 1311 jactatos
754 1246 882 1308 aequore
897 1239 962 1288 toto

260 1329 373 1409 Troas,
387 1327 537 1412 reliquias
551 1327 698 1404 Danatim
713 1341 806 1412 atque
821 1331 947 1390 immitis
961 1327 1090 1408 Achilli,
1252 1337 1294 1396 30
1336 1329 1343 1339 ⁴

261 1431 401 1495 Arcebat
415 1429 506 1516 longe
520 1429 631 1493 Latio:
654 1427 827 1514 multosque
841 1451 900 1514 per
914 1451 1012 1495 annos

260 1531 420 1596 Errabant
434 1534 496 1595 acti
511 1531 584 1594 latis
599 1535 701 1595 maria
714 1535 819 1594 omnia
833 1535 966 1596 circum.

258 1633 370 1700 Tantae
385 1631 476 1698 molis
490 1647 558 1696 erat
574 1631 750 1695 Romanam
764 1631 901 1698 condere
914 1639 1057 1721 gentem!
1074 1653 1082 1726 g

301 1735 369 1800 Vix
384 1757 402 1798 e
416 1748 585 1820 conspectu
601 1731 714 1798 siculae
729 1731 849 1800 telluris
864 1739 895 1801 in
911 1737 1008 1803 altum

259 1836 343 1902 Vela
358 1833 478 1900 dabant
492 1834 566 1914 lati,
579 1848 610 1897 et
624 1855 751 1920 spumas
765 1833 840 1900 salis
854 1859 917 1900 aere
931 1841 1085 1920 rueben13

257 1940 361 2022 Quum
374 1939 468 2018 Jnno,
481 1952 630 2002 aeternum
644 1959 774 2003 servans
788 1940 848 2004 sub
861 1954 989 2025 pectore
1005 1944 1125 2024 vulnus,

258 2042 340 2106 Haec
355 2061 479 2104 secum:
502 2039 597 2104 Mene
612 2043 738 2125 incepto
752 2039 905 2106 desistere
919 2047 1058 2108 victaml

256 2143 325 2208 Nec
339 2165 431 2230 posse
447 2140 538 2206 ltalia
551 2143 747 2208 Teucrorum
761 2159 905 2210 avertere
919 2152 1048 2233 regeml

255 2247 381 2334 Quippe
396 2247 588 2311 mortalis!
613 2245 758 2312 Pallasne
771 2269 906 2312 exurere
920 2249 1055 2315 classem

255 2351 417 2438 Argivllrm
431 2365 526 2436 atque
540 2355 625 2437 ipsos
639 2355 738 2436 potuit
752 2353 954 2438 submergere
967 2367 1073 2439 ponto,
1250 2368 1300 2424 40

256 2453 358 2521 Unius
371 2457 415 2521 ob
429 2477 544 2520 noxam
559 2469 589 2519 et
604 2455 702 2519 furnas
717 2456 825 2542 Ajacis
835 2453 940 2520 otlett

255 2557 338 2644 lpsa,
351 2559 441 2624 lovis
454 2557 600 2644 rapidum
610 2556 749 2644 jaculata
766 2579 784 2622 e
798 2559 934 2623 nubibus
949 2563 1062 2648 ignem,

254 2659 452 2755 Disjecitque
466 2675 560 2740 rates,
575 2663 749 2744 evertitque
764 2681 892 2746 aequora
906 2665 1026 2742 ventis;

113 2757 119 2767 ¹
255 2765 344 2852 lllum
359 2758 572 2866 exgtirantem
586 2763 736 2828 transfixo
749 2779 878 2848 pectore
892 2765 1033 2831 flammas

253 2867 396 2932 Turbine
411 2868 573 2948 corripuit,
587 2863 780 2948 scopuloque
795 2866 898 2928 infixit
912 2881 1023 2932 acuto:

253 2971 311 3033 Ast
325 2988 394 3053 ego,
408 2987 478 3049 quae
492 2963 599 3028 divfim
615 2963 728 3028 incedo
741 2969 861 3051 regina,
874 2967 1025 3054 Jovisque

253 3071 295 3136 Et
308 3091 398 3134 soror
411 3084 442 3134 et
456 3067 657 3155 eonjux‚,unt“t
670 3089 742 3132 cum
755 3082 848 3156 gente
862 3085 907 3134 tot
921 3093 1019 3136 armos

253 3173 344 3240 Bella
358 3175 451 3260 gero!
474 3172 515 3236 Et
530 3174 694 3256 quisquam
708 3193 822 3236 numen
836 3173 969 3238 lunonis
984 3173 1095 3241 adoret

252 3276 420 3356 Praeterea,
435 3287 488 3339 aut
502 3271 635 3360 supplex
650 3275 714 3337 eris
729 3276 867 3360 imponat
882 3273 1053 3340 honorem?

294 3379 389 3445 Talia
404 3379 561 3444 flammato
575 3397 681 3440 secum
696 3375 758 3440 dea
772 3375 869 3441 corde
884 3375 1036 3458 volutans,
1244 3389 1294 3448 50

251 3485 437 3550 Nimborum
453 3486 484 3546 in
499 3483 644 3568 patriam,
659 3478 730 3544 loca
744 3479 819 3544 loeta
834 3481 1008 3546 furentibus
1023 3485 1146 3564 ansuis,

252 3586 386 3653 Foliam
400 3588 496 3650 venit·
519 3583 585 3648 ch
600 3597 689 3647 vasto
703 3605 761 3646 rex
777 3583 883 3648 AEolus
898 3597 988 3649 antro

252 3689 421 3756 Luctantes
436 3699 544 3750 ventos
559 3697 820 3770 tempestatesque
835 3707 965 3752 sonoras

250 3793 387 3879 lmperio
399 3793 523 3876 premit,
537 3809 576 3852 ac
590 3785 702 3852 vinclis
717 3801 749 3851 et
761 3809 891 3853 carcere
906 3791 1027 3854 fraenat.
1046 3822 1053 3836 ·

251 3893 302 3962 llli
316 3893 512 3979 indignantes
526 3913 638 3977 magno
652 3913 723 3954 cum
738 3913 897 3956 murmure
908 3897 1021 3958 montis
1244 3905 1294 3962 ⁵5

251 3999 381 4065 CIrcum
395 3994 532 4062 claustra
547 3993 691 4058 fremunt.
714 3992 809 4058 Celsi
823 3994 911 4059 sedet
926 3994 1034 4061 AEolus
1049 4017 1133 4076 arce,

251 4103 384 4190 Sceptra
397 4113 523 4176 tenens3
544 4096 704 4182 mollitque
720 4099 849 4186 animos,
864 4111 895 4162 et
910 4111 1063 4186 temperat
1077 4103 1152 4164 iras.
