2756 5010
488 521 604 584 LIBER
623 519 672 584 VI.

97 671 182 756 Quid
195 676 221 738 si
236 685 338 740 tentus
352 692 442 742 umor
456 678 561 758 menti,
575 679 601 744 si
614 690 701 744 tanta
714 677 831 766 cupide
844 693 893 746 est

98 775 148 840 Bis
162 777 282 866 Stygios
297 779 406 844 innare
421 778 519 862 lucus,
533 781 582 848 bis
596 782 685 868 nigra
698 782 807 848 videre

96 879 233 962 Tartaru,
247 895 278 945 et
292 881 403 948 insano
412 885 503 970 juvet
517 883 681 972 indulgere
696 885 808 968 labori,
1066 896 1126 958 tue

97 985 207 1070 Accipe
222 1006 291 1070 quae
307 986 490 1073 peragenda
505 985 604 1072 priris.
648 989 743 1056 Latet
756 991 871 1058 arbore
884 993 985 1079 opaci

96 1089 210 1151 Aureus
225 1101 255 1151 et
270 1087 353 1152 foliis
367 1103 398 1152 et
414 1088 497 1154 lento
511 1090 628 1156 vimine
641 1113 758 1174 ramus,

97 1186 202 1252 Junoni
216 1189 346 1254 inferne
362 1189 465 1256 dictus
479 1213 590 1256 secer:
615 1193 788 1282 hunctegit
801 1196 902 1261 omnis

97 1287 202 1371 Lucus,
215 1305 246 1355 et
261 1292 407 1356 obscuris
418 1293 568 1362 claudunt
582 1294 778 1362 conuallibus
793 1296 925 1363 umbre.

98 1395 225 1462 sednon
240 1397 315 1462 entd
329 1396 423 1462 datur
436 1397 556 1464 telluris
570 1413 682 1486 operta
696 1400 813 1482 subire,
1067 1409 1128 1472 140

98 1485 270 1564 Auricomos
286 1502 380 1585 quem
395 1505 465 1586 quis
479 1500 678 1588 decerpserit
691 1491 807 1568 arbcre
823 1504 926 1570 soetus.

100 1601 163 1666 Hoc
177 1604 233 1668 essii
249 1603 384 1690 pulchra
399 1627 488 1670 suum
502 1606 579 1670 ferri
595 1605 783 1692 Proserpina
796 1627 906 1672 munus
937 1663 940 1668 ,

99 1703 224 1772 Instituit.
272 1708 378 1773 Primo
393 1709 512 1790 avulso,
527 1732 588 1776 non
603 1709 711 1776 deficit
724 1709 804 1776 alter

99 1809 225 1891 Aureus3
248 1824 280 1874 et
295 1809 390 1876 simili
404 1811 576 1878 frondescit
589 1814 678 1900 virge
692 1810 863 1896 metelle-t

98 1909 171 1998 Ergo
185 1913 246 1978 alte
263 1918 386 2001 vestiga
400 1915 508 1996 oculis,
522 1916 628 1980 etrite
642 1929 802 2001 repertum
881 1945 883 1952 >
1067 1923 1126 1984 145

99 2011 192 2100 Carpe
206 2037 321 2082 manu:
343 2039 479 2104 numque
493 2021 561 2105 ipse
576 2017 684 2085 volens
698 2018 865 2108 facilisque
883 2033 1041 2107 sequetur,

101 2115 130 2179 Si
141 2131 168 2182 te
180 2119 244 2185 sata
260 2133 400 2200 vocent3
422 2121 524 2202 aliter,
537 2145 599 2188 nnn
614 2123 733 2188 viribus
747 2121 819 2188 uilis

98 2217 234 2305 Vincere,
250 2247 311 2290 nec
326 2224 407 2292 duro
421 2226 538 2312 poteris
551 2225 732 2292 convellere
746 2227 842 2293 ferro.

100 2321 240 2392 Preterea
254 2329 344 2414 jacet
359 2331 538 2392 exanimum
554 2328 612 2392 tibi
625 2349 739 2414 corpus
753 2329 858 2409 amici,

99 2424 163 2492 Heu
177 2433 297 2496 nescis!
320 2443 479 2516 totamque
493 2432 627 2496 incestat
640 2431 749 2496 itinere
763 2431 908 2512 classem,
1066 2439 1127 2500 tto

99 2526 172 2595 Dum
184 2531 327 2598 consultu
342 2534 431 2620 petis,
445 2535 615 2618 nostroque
630 2533 661 2596 in
676 2530 783 2596 limine
797 2531 936 2622 pendes:

100 2631 216 2701 Sedibus
231 2637 318 2702 hunc
332 2637 416 2701 refer
431 2637 503 2702 ente
519 2639 592 2716 suis,
607 2647 639 2699 et
652 2632 754 2699 conde
768 2634 925 2720 sepulcro.

100 2731 160 2800 Duc
174 2740 276 2823 nigras
290 2739 449 2826 pecudes,
470 2761 508 2803 ea
522 2741 624 2824 prime
638 2735 764 2824 piacula
779 2749 879 2802 sunto.

101 2835 142 2902 sic
156 2839 277 2907 demum
292 2841 380 2907 lucos
395 2844 531 2930 Stygios,
545 2861 643 2928 regna
657 2837 743 2904 invia
756 2841 847 2921 vivis,

100 2939 261 3028 Adspicies.
308 2943 409 3025 Dixit,
423 2965 594 3030 pressoque
609 2941 762 3007 obmutuit
775 2963 842 3007 ore.
1068 2953 1127 3013 155

136 3043 241 3112 AErrees
255 3061 367 3112 moesto
382 3047 505 3113 defixus
518 3047 636 3112 lumina
650 3045 737 3110 vultu

103 3148 271 3236 ingreditur,
287 3151 431 3236 linquens
447 3161 579 3230 antrum,
593 3168 757 3234 caecosque
771 3147 890 3214 volutet

103 3253 224 3322 Eventus
238 3259 344 3324 enimc
358 3277 465 3320 secum
480 3278 489 3318 c
511 3255 568 3320 cui·
577 3253 656 3318 fidus
672 3253 811 3318 Achates

104 3353 127 3418 lt
138 3379 242 3442 cemes
257 3373 291 3424 et
305 3359 437 3444 peribus
451 3359 537 3422 curis
551 3355 682 3441 vestigia
696 3354 772 3442 figit.
1097 3429 1100 3436 ¹

103 3455 189 3526 Multa
202 3463 283 3528 inter
296 3483 366 3526 sese
380 3462 471 3524 vario
485 3479 628 3524 sermone
643 3456 814 3522 serebant:
1067 3467 1128 3528 160

104 3559 189 3642 Quem
202 3569 322 3632 socium
336 3563 512 3628 exammem
527 3573 626 3642 vetes,
640 3557 725 3645 quod
739 3579 853 3646 corpus
867 3558 1068 3645 humandum,

104 3661 226 3733 Diceret.
271 3673 376 3754 Atque
391 3665 437 3732 itti
452 3665 606 3730 Misenum
620 3664 651 3728 in
666 3662 769 3728 littore
783 3666 880 3745 sicco,

105 3763 142 3832 Ut
153 3772 272 3853 venere,
284 3771 406 3851 vident,
418 3767 546 3856 indigni
560 3779 660 3834 morte
673 3780 869 3853 peremptum
880 3793 890 3847 3

106 3867 244 3940 Misenum
261 3873 494 3958 AEnlidemquc
508 3895 570 3944 non
585 3870 781 3958 praestantior
795 3869 875 3934 alter

105 3967 171 4040 ffire
184 3977 376 4059 ciere-viros,
391 3976 589 4060 Martemque
604 3971 779 4038 accendere
792 3979 916 4054 centu-t
1065 3983 1126 4048 165

105 4073 242 4146 Hectoris
255 4081 307 4147 hic
322 4067 426 4166 magni
442 4080 543 4144 suernt
557 4099 678 4144 eomes:
701 4077 845 4144 Hectore
859 4079 977 4144 circum

104 4173 139 4244 Et
152 4181 222 4253 lituo
235 4207 355 4272 pugnas
368 4184 498 4271 insignis
514 4183 626 4248 obibat
640 4192 671 4246 et
685 4177 785 4247 hasti.
