2890 5002
217 367 271 426 128
657 357 844 421 AENutnos

256 511 445 579 Criminibus
459 521 577 575 terrere
591 509 698 590 novis3
720 509 792 575 hinc
807 529 952 597 sporgere
966 531 1061 579 voces

255 617 290 681 ln
305 613 428 700 vulgum
442 611 613 698 ambiguas,
627 625 657 676 et
673 632 813 696 quaerere
827 613 968 678 conscius
983 635 1080 681 tuma.

254 719 323 785 Nec
338 716 490 804 requievit
504 716 594 797 enim,
608 715 708 780 donec
723 715 897 781 Calchante
912 717 1125 786 ministro...
1232 732 1298 792 ιοο

255 821 318 887 Sed
334 819 408 907 quid
423 843 480 908 ego
495 820 562 885 haec
579 833 681 884 autem
695 817 905 905 nequidquam
921 821 1041 907 ingrata
1056 824 1207 891 revolvol

253 923 378 1007 Quidve
391 927 517 988 moror?
539 922 572 984 Si
585 942 692 985 omnes
706 941 767 984 uno
781 920 888 985 ordine
904 921 1028 988 habetis
1043 926 1189 1008 Achivos,

255 1032 352 1118 ldque
367 1030 475 1095 audire
490 1043 537 1094 sat
551 1042 606 1109 est,
615 1031 683 1116 jam
696 1028 813 1094 dudum
829 1029 938 1094 sumite
953 1052 1073 1116 poenas.

185 1183 191 1200 .
255 1137 327 1202 Hoc
340 1134 463 1199 lthacus
474 1133 557 1211 velit,
572 1145 602 1196 et
616 1154 727 1220 magno
747 1145 921 1197 mercentur
936 1135 1066 1199 Atridae.

296 1237 377 1302 Tum
391 1234 467 1300 vero
481 1235 625 1300 ardemus
640 1235 751 1298 scitari.
759 1249 790 1299 et
804 1257 945 1319 quaerere
959 1259 1082 1318 causes,
1230 1248 1291 1306 1⁰⁵

254 1341 356 1428 Ignari
370 1340 521 1404 scelerum
536 1351 689 1402 tantorum
704 1341 840 1422 artisque
855 1338 1004 1426 Pelasgus.

255 1441 453 1526 Prosequitur
466 1443 618 1526 pavitans,
632 1454 663 1504 et
679 1439 749 1504 licto
763 1454 889 1526 pectore
905 1442 1003 1506 latur:

297 1545 388 1629 Saepe
402 1545 505 1630 lugam
520 1542 624 1607 Danai
640 1542 735 1630 Trojti
749 1543 876 1630 cupiere
890 1542 1017 1646 relictdy

253 1647 369 1728 Moliri,
382 1661 414 1710 et
427 1647 516 1734 longo
531 1647 604 1712 lessi
617 1647 779 1712 discedere
794 1647 889 1712 bello.

252 1753 473 1837 Fecissentque
486 1752 617 1816 utinam!
641 1752 733 1836 Saepe
746 1751 815 1816 illos
829 1773 940 1838 aspera
955 1755 1040 1839 ponti
1228 1761 1289 1822 110

253 1854 426 1920 Interclusit
440 1853 548 1932 hiems,
563 1867 593 1917 et
607 1854 715 1918 terruit
725 1857 838 1918 Auster
851 1868 1000 1940 euntes.)

253 1956 423 2040 Praecipub,
437 1977 531 2040 quum
542 1956 609 2041 jam
623 1953 674 2019 hic
689 1956 830 2020 trabibus
845 1970 1008 2022 contextus
1024 1957 1145 2022 acernis

253 2060 356 2122 Staret
371 2078 477 2144 equus,
491 2070 554 2119 toto
568 2069 733 2120 sonuerunt
747 2057 864 2123 rathere
878 2060 987 2124 nimbi.

253 2163 399 2246 Suspensi
414 2157 613 2244 Eurypylum
627 2162 770 2224 scitatum
784 2160 912 2244 oracula
930 2161 1040 2228 Phoebi

250 2264 416 2342 Mittimus3
437 2266 525 2346 isque
541 2261 646 2347 adytis
661 2261 729 2326 haec
740 2264 838 2330 tristia
852 2265 937 2330 diota
950 2278 1106 2351 reportat=
1226 2275 1284 2334 trs

253 2367 404 2454 Sanguine
419 2363 565 2451 placastis
579 2377 687 2430 ventos
701 2378 733 2430 et
747 2367 865 2454 virgine
879 2367 971 2449 caesai,

250 2470 353 2553 Quum
367 2465 498 2556 primum
509 2468 630 2549 Iliacas,
646 2468 759 2549 Danai,
773 2470 900 2534 venistis
915 2471 956 2536 ad
970 2491 1059 2553 oras3

250 2570 714 2660 Sanguinequaereudirreditus,
727 2571 890 2657 animaque
906 2573 1055 2638 litandum

248 2675 406 2763 Argolica.
429 2673 525 2761 Vulgi
539 2694 608 2760 quae
623 2695 684 2739 vox
700 2686 733 2736 ut
747 2675 830 2740 venit
844 2673 885 2740 ad
900 2695 1001 2756 aures,

246 2776 446 2864 Obstupuere
461 2778 564 2855 animi,
577 2776 757 2860 gelidusque
771 2799 828 2863 per
842 2778 903 2842 ima
915 2780 1053 2844 cucurrit
1217 2788 1279 2846 120

247 2882 328 2946 Ossa
342 2892 476 2953 tremor3
496 2876 547 2937 cui
562 2875 626 2938 lata
639 2890 759 2960 parent,
774 2899 866 2962 quem
879 2893 986 2964 poscet
1000 2879 1123 2966 Apollo.

247 2981 313 3047 Hic
330 2977 453 3042 lthacus
467 2988 570 3038 vatem
585 2995 696 3062 magno
710 2976 885 3046 Calchanta
899 2980 1028 3046 tumultu

247 3078 403 3146 Protrahit
417 3077 447 3141 in
463 3075 598 3157 medios3
619 3099 689 3162 que
704 3079 764 3144 sint
779 3103 818 3146 ea
832 3082 955 3146 numina
970 3081 1075 3148 divium

245 3183 394 3270 Flagitat:
418 3193 449 3245 et
463 3179 537 3246 mihi
546 3181 613 3266 jam
627 3179 714 3244 multi
728 3181 855 3248 crudele
869 3186 1025 3250 canebant

245 3286 380 3354 Artificis
394 3285 504 3364 scelus,
518 3297 549 3348 et
563 3283 646 3349 taciti
661 3297 791 3350 ventura
803 3285 961 3350 videbant.
1221 3296 1282 3352 125

245 3391 299 3454 Bis
314 3388 423 3473 quinos
438 3386 506 3450 silet
520 3385 573 3450 ille
583 3385 661 3467 dies,
675 3399 836 3471 tectusque
850 3401 974 3452 recusat

244 3491 380 3557 Prodere
395 3512 472 3554 voce
488 3489 543 3552 sud
558 3510 754 3573 quemquam,
768 3501 821 3553 aut
835 3511 991 3576 opponere
1005 3492 1107 3556 morti.

243 3595 311 3660 Vix
326 3590 449 3656 tandem
463 3593 582 3676 magnis
597 3588 697 3654 Ithaci
711 3590 901 3656 clamoribus
912 3605 1030 3674 netues

227 3693 549 3780 :Compositdoumpit
562 3705 727 3772 vocem,ret
740 3715 789 3756 me
803 3691 936 3758 destinat
950 3715 1025 3758 arae.

243 3795 412 3866 Assensere
427 3817 553 3874 omnes3
576 3809 615 3876 et,
630 3815 699 3880 quae
716 3794 776 3858 sibi
790 3796 919 3880 quisque
934 3795 1071 3875 tumebat,
1219 3799 1283 3857 130

244 3900 342 3966 Unius
357 3899 387 3964 in
401 3897 505 3962 miseri
520 3897 645 3962 exitium
660 3917 812 3962 conversa
826 3895 935 3961 tulere.

244 4005 376 4090 Jamque
390 4000 458 4066 dies
472 3999 599 4066 infanda
614 3999 740 4065 aderat:
763 3999 838 4064 mihi
853 4021 943 4064 sacra
958 4000 1072 4085 parari,
