<?xml version="1.0" encoding="UTF-8"?>
<!DOCTYPE html PUBLIC "-//W3C//DTD XHTML 1.0 Transitional//EN"
    "http://www.w3.org/TR/xhtml1/DTD/xhtml1-transitional.dtd">
<html xmlns="http://www.w3.org/1999/xhtml" xml:lang="en" lang="en">
 <head>
  <title>
</title>
<meta http-equiv="Content-Type" content="text/html;charset=utf-8" />
  <meta name='ocr-system' content='tesseract 3.04.00' />
  <meta name='ocr-capabilities' content='ocr_page ocr_carea ocr_par ocr_line ocrx_word'/>
</head>
<body>
  <div class='ocr_page' id='page_1' title='image "./bucolicageorgic00goulgoog_0222.png"; bbox 0 0 2756 5010; ppageno 0'>
   <div class='ocr_carea' id='block_1_1' title="bbox 218 413 856 478">
    <p class='ocr_par' dir='ltr' id='par_1_1' title="bbox 218 413 856 478">
     <span class='ocr_line' id='line_1_1' title="bbox 218 413 856 478; baseline -0.002 -2"><span class='ocrx_word' id='word_1_1' title='bbox 218 417 277 476; x_wconf 71' lang='lat'>200</span> <span class='ocrx_word' id='word_1_2' title='bbox 666 413 856 478; x_wconf 75' lang='lat' dir='ltr'>mumma</span> 
     </span>
    </p>
   </div>
   <div class='ocr_carea' id='block_1_2' title="bbox 216 571 1293 4152">
    <p class='ocr_par' dir='ltr' id='par_1_2' title="bbox 255 571 1289 2211">
     <span class='ocr_line' id='line_1_2' title="bbox 261 571 1046 662; baseline 0 -24"><span class='ocrx_word' id='word_1_3' title='bbox 261 571 306 638; x_wconf 92' lang='lat' dir='ltr'>Ut</span> <span class='ocrx_word' id='word_1_4' title='bbox 320 572 479 661; x_wconf 87' lang='lat' dir='ltr'>quondam</span> <span class='ocrx_word' id='word_1_5' title='bbox 493 573 593 640; x_wconf 72' lang='lat' dir='ltr'>crau</span> <span class='ocrx_word' id='word_1_6' title='bbox 605 575 705 640; x_wconf 84' lang='lat' dir='ltr'>fertur</span> <span class='ocrx_word' id='word_1_7' title='bbox 718 573 919 662; x_wconf 76' lang='lat' dir='ltr'><strong>labyrinthus</strong></span> <span class='ocrx_word' id='word_1_8' title='bbox 935 577 966 640; x_wconf 89' lang='lat' dir='ltr'>iu</span> <span class='ocrx_word' id='word_1_9' title='bbox 981 571 1046 638; x_wconf 77' lang='lat' dir='ltr'>altu</span> 
     </span>
     <span class='ocr_line' id='line_1_3' title="bbox 261 675 1016 768; baseline 0.003 -26"><span class='ocrx_word' id='word_1_10' title='bbox 261 675 440 744; x_wconf 83' lang='lat' dir='ltr'>Parietibus</span> <span class='ocrx_word' id='word_1_11' title='bbox 454 690 573 744; x_wconf 88' lang='lat' dir='ltr'>textum</span> <span class='ocrx_word' id='word_1_12' title='bbox 587 681 682 742; x_wconf 84' lang='lat' dir='ltr'>coecis</span> <span class='ocrx_word' id='word_1_13' title='bbox 697 677 1016 768; x_wconf 48' lang='lat' dir='ltr'>iterpancipitemque</span> 
     </span>
     <span class='ocr_line' id='line_1_4' title="bbox 260 765 1287 869; baseline -0.004 -20"><span class='ocrx_word' id='word_1_14' title='bbox 260 783 351 849; x_wconf 82' lang='lat' dir='ltr'>Mille</span> <span class='ocrx_word' id='word_1_15' title='bbox 366 788 425 850; x_wconf 88' lang='lat' dir='ltr'>viis</span> <span class='ocrx_word' id='word_1_16' title='bbox 441 785 591 850; x_wconf 90' lang='lat' dir='ltr'>habuisse</span> <span class='ocrx_word' id='word_1_17' title='bbox 605 782 801 868; x_wconf 62' lang='lat' dir='ltr'>dolumsqui</span> <span class='ocrx_word' id='word_1_18' title='bbox 815 786 904 869; x_wconf 84' lang='lat' dir='ltr'>signa</span> <span class='ocrx_word' id='word_1_19' title='bbox 918 765 1072 868; x_wconf 81' lang='lat' dir='ltr'>sequendi</span> <span class='ocrx_word' id='word_1_20' title='bbox 1236 785 1287 846; x_wconf 73' lang='lat'>590</span> 
     </span>
     <span class='ocr_line' id='line_1_5' title="bbox 260 885 1043 982; baseline -0.006 -30"><span class='ocrx_word' id='word_1_21' title='bbox 260 885 399 954; x_wconf 80' lang='lat' dir='ltr'>Falleret</span> <span class='ocrx_word' id='word_1_22' title='bbox 413 887 621 982; x_wconf 77' lang='lat' dir='ltr'>indeprensus</span> <span class='ocrx_word' id='word_1_23' title='bbox 636 899 668 952; x_wconf 92' lang='lat' dir='ltr'>et</span> <span class='ocrx_word' id='word_1_24' title='bbox 681 885 894 952; x_wconf 83' lang='lat' dir='ltr'>irremeabilis</span> <span class='ocrx_word' id='word_1_25' title='bbox 908 907 1019 952; x_wconf 83' lang='lat' dir='ltr'>error:</span> <span class='ocrx_word' id='word_1_26' title='bbox 1036 907 1043 947; x_wconf 57' lang='lat' dir='ltr'>t</span> 
     </span>
     <span class='ocr_line' id='line_1_6' title="bbox 259 969 950 1077; baseline -0.003 -21"><span class='ocrx_word' id='word_1_27' title='bbox 259 989 360 1057; x_wconf 87' lang='lat' dir='ltr'>Haud</span> <span class='ocrx_word' id='word_1_28' title='bbox 375 980 439 1056; x_wconf 65' lang='lat' dir='ltr'>alio‘</span> <span class='ocrx_word' id='word_1_29' title='bbox 453 969 613 1056; x_wconf 69' lang='lat' dir='ltr'>Teucrum</span> <span class='ocrx_word' id='word_1_30' title='bbox 628 994 693 1056; x_wconf 89' lang='lat' dir='ltr'>nati</span> <span class='ocrx_word' id='word_1_31' title='bbox 708 993 840 1077; x_wconf 82' lang='lat' dir='ltr'>vestigia</span> <span class='ocrx_word' id='word_1_32' title='bbox 854 1009 950 1056; x_wconf 83' lang='lat' dir='ltr'>cursu</span> 
     </span>
     <span class='ocr_line' id='line_1_7' title="bbox 257 1089 1050 1179; baseline -0.001 -23"><span class='ocrx_word' id='word_1_33' title='bbox 257 1091 444 1179; x_wconf 74' lang='lat' dir='ltr'>Impediunt,</span> <span class='ocrx_word' id='word_1_34' title='bbox 458 1105 630 1178; x_wconf 84' lang='lat' dir='ltr'>texuntque</span> <span class='ocrx_word' id='word_1_35' title='bbox 644 1093 733 1178; x_wconf 82' lang='lat' dir='ltr'>fugas</span> <span class='ocrx_word' id='word_1_36' title='bbox 747 1103 779 1156; x_wconf 88' lang='lat' dir='ltr'>et</span> <span class='ocrx_word' id='word_1_37' title='bbox 792 1089 906 1177; x_wconf 74' lang='lat' dir='ltr'>prmlia</span> <span class='ocrx_word' id='word_1_38' title='bbox 921 1089 996 1156; x_wconf 91' lang='lat' dir='ltr'>ludo</span> <span class='ocrx_word' id='word_1_39' title='bbox 1006 1117 1050 1172; x_wconf 55' lang='grc' dir='ltr'><strong>μ</strong></span> 
     </span>
     <span class='ocr_line' id='line_1_8' title="bbox 257 1191 1117 1282; baseline 0 -24"><span class='ocrx_word' id='word_1_40' title='bbox 257 1193 453 1282; x_wconf 88' lang='lat' dir='ltr'>Delphinum</span> <span class='ocrx_word' id='word_1_41' title='bbox 467 1194 595 1274; x_wconf 81' lang='lat' dir='ltr'>similes,</span> <span class='ocrx_word' id='word_1_42' title='bbox 610 1196 665 1278; x_wconf 89' lang='lat' dir='ltr'>qui</span> <span class='ocrx_word' id='word_1_43' title='bbox 679 1215 738 1280; x_wconf 88' lang='lat' dir='ltr'>per</span> <span class='ocrx_word' id='word_1_44' title='bbox 752 1196 853 1258; x_wconf 87' lang='lat' dir='ltr'>maria</span> <span class='ocrx_word' id='word_1_45' title='bbox 869 1193 998 1258; x_wconf 88' lang='lat' dir='ltr'>humida</span> <span class='ocrx_word' id='word_1_46' title='bbox 1013 1191 1117 1258; x_wconf 88' lang='lat' dir='ltr'>nando</span> 
     </span>
     <span class='ocr_line' id='line_1_9' title="bbox 258 1293 1286 1383; baseline -0.003 -23"><span class='ocrx_word' id='word_1_47' title='bbox 258 1295 468 1383; x_wconf 80' lang='lat' dir='ltr'>Carpathium</span> <span class='ocrx_word' id='word_1_48' title='bbox 479 1296 702 1382; x_wconf 83' lang='lat' dir='ltr'>Libycumque</span> <span class='ocrx_word' id='word_1_49' title='bbox 713 1309 832 1377; x_wconf 84' lang='lat' dir='ltr'>secant,</span> <span class='ocrx_word' id='word_1_50' title='bbox 841 1294 1014 1381; x_wconf 86' lang='lat' dir='ltr'>luduntque</span> <span class='ocrx_word' id='word_1_51' title='bbox 1023 1317 1082 1382; x_wconf 89' lang='lat' dir='ltr'>per</span> <span class='ocrx_word' id='word_1_52' title='bbox 1093 1293 1205 1360; x_wconf 85' lang='lat' dir='ltr'>undas.</span> <span class='ocrx_word' id='word_1_53' title='bbox 1236 1297 1286 1358; x_wconf 73' lang='lat' dir='ltr'>tto</span> 
     </span>
     <span class='ocr_line' id='line_1_10' title="bbox 257 1398 1233 1485; baseline -0.002 -19"><span class='ocrx_word' id='word_1_54' title='bbox 257 1401 356 1466; x_wconf 88' lang='lat' dir='ltr'>Hunc</span> <span class='ocrx_word' id='word_1_55' title='bbox 371 1421 500 1480; x_wconf 88' lang='lat' dir='ltr'>morem,</span> <span class='ocrx_word' id='word_1_56' title='bbox 515 1399 572 1464; x_wconf 86' lang='lat' dir='ltr'>hos</span> <span class='ocrx_word' id='word_1_57' title='bbox 587 1420 707 1478; x_wconf 82' lang='lat' dir='ltr'>curam,</span> <span class='ocrx_word' id='word_1_58' title='bbox 723 1411 817 1484; x_wconf 89' lang='lat' dir='ltr'>atque</span> <span class='ocrx_word' id='word_1_59' title='bbox 832 1398 901 1464; x_wconf 73' lang='lat' dir='ltr'>bec</span> <span class='ocrx_word' id='word_1_60' title='bbox 916 1399 1099 1478; x_wconf 89' lang='lat' dir='ltr'>certamina,</span> <span class='ocrx_word' id='word_1_61' title='bbox 1112 1401 1233 1485; x_wconf 85' lang='lat' dir='ltr'>primus</span> 
     </span>
     <span class='ocr_line' id='line_1_11' title="bbox 257 1502 1084 1590; baseline -0.001 -21"><span class='ocrx_word' id='word_1_62' title='bbox 257 1505 422 1584; x_wconf 83' lang='lat' dir='ltr'>Ascanius,</span> <span class='ocrx_word' id='word_1_63' title='bbox 437 1502 561 1590; x_wconf 84' lang='lat' dir='ltr'>longam</span> <span class='ocrx_word' id='word_1_64' title='bbox 576 1505 673 1568; x_wconf 90' lang='lat' dir='ltr'>muris</span> <span class='ocrx_word' id='word_1_65' title='bbox 688 1523 789 1588; x_wconf 89' lang='lat' dir='ltr'>quum·</span> <span class='ocrx_word' id='word_1_66' title='bbox 798 1507 939 1590; x_wconf 86' lang='lat' dir='ltr'>cingeret</span> <span class='ocrx_word' id='word_1_67' title='bbox 958 1502 1084 1584; x_wconf 84' lang='lat' dir='ltr'>Albam,</span> 
     </span>
     <span class='ocr_line' id='line_1_12' title="bbox 257 1605 1028 1693; baseline 0.003 -23"><span class='ocrx_word' id='word_1_68' title='bbox 257 1605 388 1687; x_wconf 84' lang='lat' dir='ltr'>Retulit,</span> <span class='ocrx_word' id='word_1_69' title='bbox 402 1619 434 1670; x_wconf 91' lang='lat' dir='ltr'>et</span> <span class='ocrx_word' id='word_1_70' title='bbox 447 1606 568 1693; x_wconf 87' lang='lat' dir='ltr'>priscos</span> <span class='ocrx_word' id='word_1_71' title='bbox 582 1605 691 1670; x_wconf 90' lang='lat' dir='ltr'>docuit</span> <span class='ocrx_word' id='word_1_72' title='bbox 704 1605 871 1671; x_wconf 89' lang='lat' dir='ltr'>celebrare</span> <span class='ocrx_word' id='word_1_73' title='bbox 886 1605 1028 1687; x_wconf 87' lang='lat' dir='ltr'>Latinos,</span> 
     </span>
     <span class='ocr_line' id='line_1_13' title="bbox 256 1707 1071 1796; baseline 0.002 -24"><span class='ocrx_word' id='word_1_74' title='bbox 256 1709 327 1792; x_wconf 84' lang='lat' dir='ltr'>Quo</span> <span class='ocrx_word' id='word_1_75' title='bbox 342 1729 421 1794; x_wconf 91' lang='lat' dir='ltr'>puer</span> <span class='ocrx_word' id='word_1_76' title='bbox 435 1712 504 1794; x_wconf 88' lang='lat' dir='ltr'>ipse</span> <span class='ocrx_word' id='word_1_77' title='bbox 518 1707 624 1789; x_wconf 87' lang='lat' dir='ltr'>modo,</span> <span class='ocrx_word' id='word_1_78' title='bbox 637 1729 745 1774; x_wconf 88' lang='lat' dir='ltr'>secum</span> <span class='ocrx_word' id='word_1_79' title='bbox 759 1729 823 1794; x_wconf 91' lang='lat' dir='ltr'>quo</span> <span class='ocrx_word' id='word_1_80' title='bbox 837 1709 937 1774; x_wconf 88' lang='lat' dir='ltr'>Troia</span> <span class='ocrx_word' id='word_1_81' title='bbox 951 1711 1071 1796; x_wconf 76' lang='lat' dir='ltr'>pubes:</span> 
     </span>
     <span class='ocr_line' id='line_1_14' title="bbox 256 1812 1289 1900; baseline 0.001 -21"><span class='ocrx_word' id='word_1_82' title='bbox 256 1813 374 1880; x_wconf 84' lang='lat' dir='ltr'>Albani</span> <span class='ocrx_word' id='word_1_83' title='bbox 389 1812 529 1880; x_wconf 75' lang='lat' dir='ltr'>docuere</span> <span class='ocrx_word' id='word_1_84' title='bbox 544 1835 635 1880; x_wconf 83' lang='lat' dir='ltr'>suos:</span> <span class='ocrx_word' id='word_1_85' title='bbox 659 1813 732 1879; x_wconf 89' lang='lat' dir='ltr'>hinc</span> <span class='ocrx_word' id='word_1_86' title='bbox 746 1818 885 1880; x_wconf 86' lang='lat' dir='ltr'>maxima</span> <span class='ocrx_word' id='word_1_87' title='bbox 900 1814 995 1900; x_wconf 78' lang='lat' dir='ltr'>porro</span> <span class='ocrx_word' id='word_1_88' title='bbox 1233 1821 1289 1880; x_wconf 85' lang='grc'>000</span> 
     </span>
     <span class='ocr_line' id='line_1_15' title="bbox 256 1917 1054 2004; baseline -0.001 -21"><span class='ocrx_word' id='word_1_89' title='bbox 256 1918 390 2004; x_wconf 82' lang='lat' dir='ltr'>Accepit</span> <span class='ocrx_word' id='word_1_90' title='bbox 405 1917 518 1997; x_wconf 88' lang='lat' dir='ltr'>Roma,</span> <span class='ocrx_word' id='word_1_91' title='bbox 534 1929 565 1982; x_wconf 89' lang='lat' dir='ltr'>et</span> <span class='ocrx_word' id='word_1_92' title='bbox 579 1917 716 2003; x_wconf 84' lang='lat' dir='ltr'>patrium</span> <span class='ocrx_word' id='word_1_93' title='bbox 730 1921 869 1982; x_wconf 69' lang='lat' dir='ltr'>seruauit</span> <span class='ocrx_word' id='word_1_94' title='bbox 884 1917 1054 2004; x_wconf 75' lang='lat' dir='ltr'>honorem3</span> 
     </span>
     <span class='ocr_line' id='line_1_16' title="bbox 255 2019 1095 2109; baseline -0.001 -23"><span class='ocrx_word' id='word_1_95' title='bbox 255 2021 417 2109; x_wconf 88' lang='lat' dir='ltr'>Trojaque</span> <span class='ocrx_word' id='word_1_96' title='bbox 431 2041 523 2102; x_wconf 86' lang='lat' dir='ltr'>nuuc,</span> <span class='ocrx_word' id='word_1_97' title='bbox 538 2023 639 2107; x_wconf 88' lang='lat' dir='ltr'>pueri,</span> <span class='ocrx_word' id='word_1_98' title='bbox 653 2019 826 2107; x_wconf 88' lang='lat' dir='ltr'>Trojauum</span> <span class='ocrx_word' id='word_1_99' title='bbox 840 2019 958 2086; x_wconf 87' lang='lat' dir='ltr'>dicitur</span> <span class='ocrx_word' id='word_1_100' title='bbox 971 2043 1095 2109; x_wconf 83' lang='lat' dir='ltr'>agmen.</span> 
     </span>
     <span class='ocr_line' id='line_1_17' title="bbox 255 2124 1032 2211; baseline 0.001 -22"><span class='ocrx_word' id='word_1_101' title='bbox 255 2124 329 2190; x_wconf 74' lang='lat' dir='ltr'>Hac</span> <span class='ocrx_word' id='word_1_102' title='bbox 345 2124 509 2189; x_wconf 88' lang='lat' dir='ltr'>celebrata</span> <span class='ocrx_word' id='word_1_103' title='bbox 524 2138 612 2189; x_wconf 88' lang='lat' dir='ltr'>tenus</span> <span class='ocrx_word' id='word_1_104' title='bbox 627 2137 736 2188; x_wconf 88' lang='lat' dir='ltr'>sancto</span> <span class='ocrx_word' id='word_1_105' title='bbox 750 2128 924 2190; x_wconf 87' lang='lat' dir='ltr'>certamina</span> <span class='ocrx_word' id='word_1_106' title='bbox 938 2129 1032 2211; x_wconf 89' lang='lat' dir='ltr'>patri.</span> 
     </span>
    </p>

    <p class='ocr_par' dir='ltr' id='par_1_3' title="bbox 253 2223 1286 2411">
     <span class='ocr_line' id='line_1_18' title="bbox 298 2223 1049 2312; baseline -0.001 -21"><span class='ocrx_word' id='word_1_107' title='bbox 298 2226 366 2292; x_wconf 88' lang='lat' dir='ltr'>Hic</span> <span class='ocrx_word' id='word_1_108' title='bbox 381 2223 517 2312; x_wconf 82' lang='lat' dir='ltr'>primirm</span> <span class='ocrx_word' id='word_1_109' title='bbox 531 2225 656 2291; x_wconf 80' lang='lat' dir='ltr'>fortuna</span> <span class='ocrx_word' id='word_1_110' title='bbox 671 2223 765 2293; x_wconf 86' lang='lat' dir='ltr'>fidem</span> <span class='ocrx_word' id='word_1_111' title='bbox 779 2236 898 2292; x_wconf 83' lang='lat' dir='ltr'>mutata</span> <span class='ocrx_word' id='word_1_112' title='bbox 912 2229 1049 2292; x_wconf 83' lang='lat' dir='ltr'>novavit.</span> 
     </span>
     <span class='ocr_line' id='line_1_19' title="bbox 253 2315 1286 2411; baseline -0.006 -15"><span class='ocrx_word' id='word_1_113' title='bbox 253 2315 339 2396; x_wconf 89' lang='lat' dir='ltr'>Dum</span> <span class='ocrx_word' id='word_1_114' title='bbox 353 2332 452 2394; x_wconf 88' lang='lat' dir='ltr'>variis</span> <span class='ocrx_word' id='word_1_115' title='bbox 466 2328 584 2394; x_wconf 90' lang='lat' dir='ltr'>tumulo</span> <span class='ocrx_word' id='word_1_116' title='bbox 598 2329 738 2394; x_wconf 80' lang='lat' dir='ltr'>referunt</span> <span class='ocrx_word' id='word_1_117' title='bbox 752 2327 902 2394; x_wconf 87' lang='lat' dir='ltr'>solemnia</span> <span class='ocrx_word' id='word_1_118' title='bbox 917 2327 1008 2411; x_wconf 87' lang='lat' dir='ltr'>ludis,</span> <span class='ocrx_word' id='word_1_119' title='bbox 1233 2335 1286 2396; x_wconf 75' lang='lat'>6⁰5</span> 
     </span>
    </p>

    <p class='ocr_par' dir='ltr' id='par_1_4' title="bbox 216 2431 838 2499">
     <span class='ocr_line' id='line_1_20' title="bbox 216 2431 838 2499; baseline -0.006 0"><span class='ocrx_word' id='word_1_120' title='bbox 216 2477 218 2484; x_wconf 89' lang='lat'>-</span> <span class='ocrx_word' id='word_1_121' title='bbox 254 2435 330 2499; x_wconf 89' lang='lat' dir='ltr'>Irim</span> <span class='ocrx_word' id='word_1_122' title='bbox 343 2431 384 2498; x_wconf 89' lang='lat' dir='ltr'>de</span> <span class='ocrx_word' id='word_1_123' title='bbox 399 2431 481 2498; x_wconf 86' lang='lat' dir='ltr'>eoelo</span> <span class='ocrx_word' id='word_1_124' title='bbox 495 2433 580 2498; x_wconf 87' lang='lat' dir='ltr'>misit</span> <span class='ocrx_word' id='word_1_125' title='bbox 594 2433 741 2498; x_wconf 89' lang='lat' dir='ltr'>Saturnia</span> <span class='ocrx_word' id='word_1_126' title='bbox 754 2431 838 2496; x_wconf 90' lang='lat' dir='ltr'>Juno</span> 
     </span>
    </p>

    <p class='ocr_par' dir='ltr' id='par_1_5' title="bbox 250 2531 1286 3158">
     <span class='ocr_line' id='line_1_21' title="bbox 253 2531 1050 2619; baseline -0.003 -17"><span class='ocrx_word' id='word_1_127' title='bbox 253 2535 384 2602; x_wconf 88' lang='lat' dir='ltr'>Iliacam</span> <span class='ocrx_word' id='word_1_128' title='bbox 399 2533 441 2600; x_wconf 91' lang='lat' dir='ltr'>ad</span> <span class='ocrx_word' id='word_1_129' title='bbox 454 2531 600 2614; x_wconf 83' lang='lat' dir='ltr'>classem,</span> <span class='ocrx_word' id='word_1_130' title='bbox 613 2545 785 2619; x_wconf 88' lang='lat' dir='ltr'>ventosque</span> <span class='ocrx_word' id='word_1_131' title='bbox 799 2532 941 2618; x_wconf 84' lang='lat' dir='ltr'>adspirat</span> <span class='ocrx_word' id='word_1_132' title='bbox 955 2537 1050 2614; x_wconf 74' lang='lat' dir='ltr'>eund,</span> 
     </span>
     <span class='ocr_line' id='line_1_22' title="bbox 253 2635 1157 2722; baseline -0.001 -17"><span class='ocrx_word' id='word_1_133' title='bbox 253 2639 355 2706; x_wconf 85' lang='lat' dir='ltr'>Multa</span> <span class='ocrx_word' id='word_1_134' title='bbox 370 2659 509 2718; x_wconf 87' lang='lat' dir='ltr'>movens,</span> <span class='ocrx_word' id='word_1_135' title='bbox 523 2635 658 2702; x_wconf 88' lang='lat' dir='ltr'>necdum</span> <span class='ocrx_word' id='word_1_136' title='bbox 669 2639 832 2722; x_wconf 90' lang='lat' dir='ltr'>antiquum</span> <span class='ocrx_word' id='word_1_137' title='bbox 846 2649 986 2702; x_wconf 87' lang='lat' dir='ltr'>saturata</span> <span class='ocrx_word' id='word_1_138' title='bbox 1001 2637 1157 2706; x_wconf 84' lang='lat' dir='ltr'>dolorem.</span> 
     </span>
     <span class='ocr_line' id='line_1_23' title="bbox 254 2734 1060 2826; baseline -0.004 -17"><span class='ocrx_word' id='word_1_139' title='bbox 254 2743 322 2824; x_wconf 88' lang='lat' dir='ltr'>Illa,</span> <span class='ocrx_word' id='word_1_140' title='bbox 336 2745 423 2824; x_wconf 84' lang='lat' dir='ltr'>viam</span> <span class='ocrx_word' id='word_1_141' title='bbox 436 2738 580 2804; x_wconf 86' lang='lat' dir='ltr'>celerans</span> <span class='ocrx_word' id='word_1_142' title='bbox 594 2760 654 2826; x_wconf 90' lang='lat' dir='ltr'>per</span> <span class='ocrx_word' id='word_1_143' title='bbox 667 2734 753 2804; x_wconf 82' lang='lat' dir='ltr'>mille</span> <span class='ocrx_word' id='word_1_144' title='bbox 768 2738 926 2804; x_wconf 91' lang='lat' dir='ltr'>coloribus</span> <span class='ocrx_word' id='word_1_145' title='bbox 942 2761 1060 2822; x_wconf 78' lang='lat' dir='ltr'>amum,</span> 
     </span>
     <span class='ocr_line' id='line_1_24' title="bbox 253 2841 1286 2929; baseline -0.007 -18"><span class='ocrx_word' id='word_1_146' title='bbox 253 2844 340 2912; x_wconf 87' lang='lat' dir='ltr'>Nulli</span> <span class='ocrx_word' id='word_1_147' title='bbox 354 2846 431 2923; x_wconf 87' lang='lat' dir='ltr'>visa,</span> <span class='ocrx_word' id='word_1_148' title='bbox 446 2842 508 2907; x_wconf 92' lang='lat' dir='ltr'>cito</span> <span class='ocrx_word' id='word_1_149' title='bbox 523 2841 664 2906; x_wconf 88' lang='lat' dir='ltr'>decurrit</span> <span class='ocrx_word' id='word_1_150' title='bbox 678 2845 804 2906; x_wconf 83' lang='lat' dir='ltr'>tramite</span> <span class='ocrx_word' id='word_1_151' title='bbox 819 2845 919 2929; x_wconf 85' lang='lat' dir='ltr'>virgo.</span> <span class='ocrx_word' id='word_1_152' title='bbox 1231 2849 1286 2908; x_wconf 80' lang='lat' dir='ltr'>tto</span> 
     </span>
     <span class='ocr_line' id='line_1_25' title="bbox 253 2945 1100 3034; baseline -0.005 -18"><span class='ocrx_word' id='word_1_153' title='bbox 253 2949 419 3034; x_wconf 88' lang='lat' dir='ltr'>Conspicit</span> <span class='ocrx_word' id='word_1_154' title='bbox 433 2949 590 3031; x_wconf 88' lang='lat' dir='ltr'>ingentem</span> <span class='ocrx_word' id='word_1_155' title='bbox 603 2965 799 3026; x_wconf 86' lang='lat' dir='ltr'>concursum,</span> <span class='ocrx_word' id='word_1_156' title='bbox 814 2959 846 3010; x_wconf 90' lang='lat' dir='ltr'>et</span> <span class='ocrx_word' id='word_1_157' title='bbox 860 2945 965 3012; x_wconf 87' lang='lat' dir='ltr'>littora</span> <span class='ocrx_word' id='word_1_158' title='bbox 981 2945 1100 3027; x_wconf 88' lang='lat' dir='ltr'>lustrat,</span> 
     </span>
     <span class='ocr_line' id='line_1_26' title="bbox 250 3047 1137 3158; baseline -0.003 -39"><span class='ocrx_word' id='word_1_159' title='bbox 250 3053 468 3134; x_wconf 90' lang='lat' dir='ltr'>Desertosque</span> <span class='ocrx_word' id='word_1_160' title='bbox 482 3047 569 3112; x_wconf 86' lang='lat' dir='ltr'>videt</span> <span class='ocrx_word' id='word_1_161' title='bbox 583 3061 691 3134; x_wconf 88' lang='lat' dir='ltr'>portus</span> <span class='ocrx_word' id='word_1_162' title='bbox 706 3047 903 3134; x_wconf 88' lang='lat' dir='ltr'>classemque</span> <span class='ocrx_word' id='word_1_163' title='bbox 917 3049 1071 3116; x_wconf 87' lang='lat' dir='ltr'>relictam.</span> <span class='ocrx_word' id='word_1_164' title='bbox 1100 3069 1137 3158; x_wconf 65' lang='lat' dir='ltr'>,p</span> 
     </span>
    </p>

    <p class='ocr_par' dir='ltr' id='par_1_6' title="bbox 250 3148 1293 4152">
     <span class='ocr_line' id='line_1_27' title="bbox 295 3148 981 3238; baseline -0.003 -20"><span class='ocrx_word' id='word_1_165' title='bbox 295 3156 337 3218; x_wconf 81' lang='lat' dir='ltr'>At</span> <span class='ocrx_word' id='word_1_166' title='bbox 350 3149 462 3238; x_wconf 89' lang='lat' dir='ltr'>procul</span> <span class='ocrx_word' id='word_1_167' title='bbox 475 3153 507 3214; x_wconf 94' lang='lat' dir='ltr'>in</span> <span class='ocrx_word' id='word_1_168' title='bbox 522 3148 590 3214; x_wconf 71' lang='lat' dir='ltr'>solui</span> <span class='ocrx_word' id='word_1_169' title='bbox 604 3161 735 3214; x_wconf 75' lang='lat' dir='ltr'>secretas</span> <span class='ocrx_word' id='word_1_170' title='bbox 749 3149 894 3216; x_wconf 88' lang='lat' dir='ltr'>Troades</span> <span class='ocrx_word' id='word_1_171' title='bbox 909 3151 981 3216; x_wconf 72' lang='lat' dir='ltr'>aoth</span> 
     </span>
     <span class='ocr_line' id='line_1_28' title="bbox 251 3252 1130 3342; baseline -0.003 -18"><span class='ocrx_word' id='word_1_172' title='bbox 251 3260 409 3324; x_wconf 78' lang='lat' dir='ltr'>Amissum</span> <span class='ocrx_word' id='word_1_173' title='bbox 424 3252 586 3320; x_wconf 88' lang='lat' dir='ltr'>Anchisen</span> <span class='ocrx_word' id='word_1_174' title='bbox 599 3252 726 3332; x_wconf 88' lang='lat' dir='ltr'>flebant,</span> <span class='ocrx_word' id='word_1_175' title='bbox 740 3266 926 3342; x_wconf 72' lang='lat' dir='ltr'>cunctaque</span> <span class='ocrx_word' id='word_1_176' title='bbox 940 3253 1130 3342; x_wconf 80' lang='lat' dir='ltr'>prolimdum</span> 
     </span>
     <span class='ocr_line' id='line_1_29' title="bbox 253 3353 1289 3442; baseline -0.006 -15"><span class='ocrx_word' id='word_1_177' title='bbox 253 3361 384 3428; x_wconf 84' lang='lat' dir='ltr'>Pontum</span> <span class='ocrx_word' id='word_1_178' title='bbox 398 3355 629 3442; x_wconf 89' lang='lat' dir='ltr'>adspectabant</span> <span class='ocrx_word' id='word_1_179' title='bbox 642 3353 768 3420; x_wconf 85' lang='lat' dir='ltr'>flentes:</span> <span class='ocrx_word' id='word_1_180' title='bbox 813 3357 908 3422; x_wconf 86' lang='lat' dir='ltr'>Heu!</span> <span class='ocrx_word' id='word_1_181' title='bbox 931 3370 976 3422; x_wconf 89' lang='lat' dir='ltr'>tot</span> <span class='ocrx_word' id='word_1_182' title='bbox 989 3357 1073 3424; x_wconf 84' lang='lat' dir='ltr'>vada</span> <span class='ocrx_word' id='word_1_183' title='bbox 1087 3361 1180 3426; x_wconf 83' lang='lat' dir='ltr'>lassis</span> <span class='ocrx_word' id='word_1_184' title='bbox 1233 3367 1289 3424; x_wconf 76' lang='grc'>615</span> 
     </span>
     <span class='ocr_line' id='line_1_30' title="bbox 251 3459 1069 3546; baseline -0.005 -16"><span class='ocrx_word' id='word_1_185' title='bbox 251 3465 293 3530; x_wconf 84' lang='lat' dir='ltr'>Et</span> <span class='ocrx_word' id='word_1_186' title='bbox 307 3459 426 3529; x_wconf 79' lang='lat' dir='ltr'>tantiam</span> <span class='ocrx_word' id='word_1_187' title='bbox 440 3479 606 3546; x_wconf 87' lang='lat' dir='ltr'>superesse</span> <span class='ocrx_word' id='word_1_188' title='bbox 620 3460 736 3524; x_wconf 86' lang='lat' dir='ltr'>maris!</span> <span class='ocrx_word' id='word_1_189' title='bbox 758 3479 822 3524; x_wconf 87' lang='lat' dir='ltr'>vox</span> <span class='ocrx_word' id='word_1_190' title='bbox 836 3461 981 3526; x_wconf 89' lang='lat' dir='ltr'>omuibus</span> <span class='ocrx_word' id='word_1_191' title='bbox 995 3483 1069 3528; x_wconf 89' lang='lat' dir='ltr'>una.</span> 
     </span>
     <span class='ocr_line' id='line_1_31' title="bbox 251 3561 1058 3650; baseline -0.006 -16"><span class='ocrx_word' id='word_1_192' title='bbox 251 3569 374 3634; x_wconf 86' lang='lat' dir='ltr'>Urbem</span> <span class='ocrx_word' id='word_1_193' title='bbox 388 3577 497 3644; x_wconf 83' lang='lat' dir='ltr'>orant3</span> <span class='ocrx_word' id='word_1_194' title='bbox 519 3563 614 3628; x_wconf 83' lang='lat' dir='ltr'>toedet</span> <span class='ocrx_word' id='word_1_195' title='bbox 627 3561 733 3650; x_wconf 85' lang='lat' dir='ltr'>pelagi</span> <span class='ocrx_word' id='word_1_196' title='bbox 747 3561 889 3648; x_wconf 75' lang='lat' dir='ltr'>perferre</span> <span class='ocrx_word' id='word_1_197' title='bbox 904 3563 1058 3629; x_wconf 90' lang='lat' dir='ltr'>laborem.</span> 
     </span>
     <span class='ocr_line' id='line_1_32' title="bbox 250 3663 1045 3760; baseline -0.009 -21"><span class='ocrx_word' id='word_1_198' title='bbox 250 3671 336 3760; x_wconf 86' lang='lat' dir='ltr'>Ergo</span> <span class='ocrx_word' id='word_1_199' title='bbox 351 3675 432 3735; x_wconf 91' lang='lat' dir='ltr'>inter</span> <span class='ocrx_word' id='word_1_200' title='bbox 446 3666 567 3732; x_wconf 87' lang='lat' dir='ltr'>medias</span> <span class='ocrx_word' id='word_1_201' title='bbox 581 3687 660 3746; x_wconf 87' lang='lat' dir='ltr'>sese,</span> <span class='ocrx_word' id='word_1_202' title='bbox 675 3663 760 3730; x_wconf 87' lang='lat' dir='ltr'>haud</span> <span class='ocrx_word' id='word_1_203' title='bbox 775 3669 886 3753; x_wconf 84' lang='lat' dir='ltr'>ignara</span> <span class='ocrx_word' id='word_1_204' title='bbox 900 3667 1045 3751; x_wconf 82' lang='lat' dir='ltr'>nocendi,</span> 
     </span>
     <span class='ocr_line' id='line_1_33' title="bbox 250 3767 1065 3862; baseline -0.007 -21"><span class='ocrx_word' id='word_1_205' title='bbox 250 3776 399 3862; x_wconf 79' lang='lat' dir='ltr'>conjicit,</span> <span class='ocrx_word' id='word_1_206' title='bbox 413 3783 445 3837; x_wconf 87' lang='lat' dir='ltr'>et</span> <span class='ocrx_word' id='word_1_207' title='bbox 458 3771 635 3854; x_wconf 82' lang='lat' dir='ltr'>faciemque</span> <span class='ocrx_word' id='word_1_208' title='bbox 650 3767 719 3834; x_wconf 77' lang='lat' dir='ltr'>deae</span> <span class='ocrx_word' id='word_1_209' title='bbox 734 3781 915 3856; x_wconf 87' lang='lat' dir='ltr'>vestemque</span> <span class='ocrx_word' id='word_1_210' title='bbox 930 3773 1065 3856; x_wconf 90' lang='lat' dir='ltr'>reponit.</span> 
     </span>
     <span class='ocr_line' id='line_1_34' title="bbox 251 3872 1293 3962; baseline -0.002 -16"><span class='ocrx_word' id='word_1_211' title='bbox 251 3881 302 3946; x_wconf 86' lang='lat' dir='ltr'>Fit</span> <span class='ocrx_word' id='word_1_212' title='bbox 318 3879 430 3956; x_wconf 77' lang='lat' dir='ltr'>Beroi,</span> <span class='ocrx_word' id='word_1_213' title='bbox 444 3875 566 3942; x_wconf 89' lang='lat' dir='ltr'>Tmarii</span> <span class='ocrx_word' id='word_1_214' title='bbox 581 3876 698 3960; x_wconf 85' lang='lat' dir='ltr'>conjux</span> <span class='ocrx_word' id='word_1_215' title='bbox 711 3872 854 3962; x_wconf 69' lang='lat' dir='ltr'>longeva</span> <span class='ocrx_word' id='word_1_216' title='bbox 867 3875 1016 3962; x_wconf 82' lang='lat' dir='ltr'>Dorycli,</span> <span class='ocrx_word' id='word_1_217' title='bbox 1233 3887 1293 3944; x_wconf 70' lang='lat'>690</span> 
     </span>
     <span class='ocr_line' id='line_1_35' title="bbox 250 3976 1098 4070; baseline -0.007 -22"><span class='ocrx_word' id='word_1_218' title='bbox 250 3983 313 4048; x_wconf 88' lang='lat' dir='ltr'>Cui</span> <span class='ocrx_word' id='word_1_219' title='bbox 327 4001 434 4070; x_wconf 86' lang='lat' dir='ltr'>genus,</span> <span class='ocrx_word' id='word_1_220' title='bbox 448 3991 480 4044; x_wconf 90' lang='lat' dir='ltr'>et</span> <span class='ocrx_word' id='word_1_221' title='bbox 494 3976 652 4064; x_wconf 88' lang='lat' dir='ltr'>quondam</span> <span class='ocrx_word' id='word_1_222' title='bbox 667 3999 790 4058; x_wconf 88' lang='lat' dir='ltr'>nomeu,</span> <span class='ocrx_word' id='word_1_223' title='bbox 804 3980 933 4062; x_wconf 89' lang='lat' dir='ltr'>natique</span> <span class='ocrx_word' id='word_1_224' title='bbox 948 3978 1098 4060; x_wconf 83' lang='lat' dir='ltr'>fuissent-3</span> 
     </span>
     <span class='ocr_line' id='line_1_36' title="bbox 251 4079 1089 4152; baseline -0.008 -1"><span class='ocrx_word' id='word_1_225' title='bbox 251 4088 299 4152; x_wconf 79' lang='lat' dir='ltr'>hc</span> <span class='ocrx_word' id='word_1_226' title='bbox 314 4087 360 4150; x_wconf 89' lang='lat' dir='ltr'>sic</span> <span class='ocrx_word' id='word_1_227' title='bbox 375 4080 598 4148; x_wconf 71' lang='lat' dir='ltr'>Dardanidum</span> <span class='ocrx_word' id='word_1_228' title='bbox 611 4079 748 4146; x_wconf 90' lang='lat' dir='ltr'>mediam</span> <span class='ocrx_word' id='word_1_229' title='bbox 762 4101 798 4145; x_wconf 86' lang='lat' dir='ltr'>se</span> <span class='ocrx_word' id='word_1_230' title='bbox 811 4081 966 4148; x_wconf 86' lang='lat' dir='ltr'>matribus</span> <span class='ocrx_word' id='word_1_231' title='bbox 979 4081 1089 4148; x_wconf 86' lang='lat' dir='ltr'>infert:</span> 
     </span>
    </p>
   </div>
   <div class='ocr_carea' id='block_1_3' title="bbox 0 0 1382 5010">
    <p class='ocr_par' dir='ltr' id='par_1_7' title="bbox 0 0 1382 5010">
     <span class='ocr_line' id='line_1_37' title="bbox 0 0 1382 5010; baseline 0 3"><span class='ocrx_word' id='word_1_232' title='bbox 0 0 1382 5010; x_wconf 95' lang='lat' dir='ltr'> </span> 
     </span>
    </p>
   </div>
  </div>
 </body>
</html>
