2756 5010
516 441 634 506 LIBER
653 445 689 504 Vt

117 609 177 676 Vix
190 607 258 672 haec
274 605 425 690 edidersq
441 627 535 692 quum
550 605 656 672 effusis
671 607 825 674 imbribus
840 622 910 674 atra

118 711 292 798 Tempestas
306 715 375 776 sine
390 733 478 778 more
493 712 576 792 furit,
591 717 767 800 tonitruque
783 715 963 782 tremiscunt

115 815 217 880 Ardua
231 829 396 897 terrarum,
411 829 442 879 et
456 819 578 900 eampi3
600 820 663 880 ruit
676 818 794 882 aetbere
810 831 873 884 teto
1025 829 1029 840 ’
1082 825 1145 883 095

118 917 268 984 Turbidus
283 919 386 984 imber
401 919 493 1005 aquei,
508 920 677 1006 densisque
692 921 876 1008 nigerrimus
893 926 1032 1005 Austris3

118 1021 341 1108 lmplenturque
356 1043 451 1108 super
464 1045 606 1109 puppes3
628 1025 776 1090 semiusta
790 1025 974 1092 madescunt

117 1123 257 1208 Robura3
277 1131 445 1192 restinctus
460 1126 562 1192 donec
578 1149 678 1213 vapor
692 1132 803 1209 omnis,
819 1143 850 1194 et
864 1151 982 1211 omnes,

118 1229 249 1311 Quatuor
263 1233 397 1310 amissis,
411 1243 544 1296 servate
559 1252 580 1294 a
593 1244 683 1316 peste
697 1235 827 1297 earinae.

153 1335 191 1396 At
203 1346 296 1418 pater
311 1332 437 1414 AEneas,
451 1355 528 1398 casu
542 1353 711 1398 concussus
727 1335 858 1416 acerbo,
1085 1345 1146 1404 700

117 1431 196 1498 Nunc
211 1435 273 1500 huc
289 1440 429 1522 ingentes
444 1459 525 1502 nunc
540 1434 614 1502 illue
629 1452 759 1524 pectore
773 1460 867 1504 curas

118 1535 260 1620 Mutabat,
273 1561 415 1622 versans,
430 1541 582 1607 Siculisne
597 1540 750 1607 resideret
765 1543 860 1624 artis,

116 1640 226 1708 Oblitus
241 1645 388 1724 latorum,
404 1643 538 1710 Italasne
553 1659 733 1730 capesseret
748 1667 831 1710 oras.

117 1743 187 1810 Tum
200 1750 307 1812 senior
321 1747 450 1826 Nautes,
466 1769 559 1812 unum
573 1748 718 1814 Tritonia
734 1747 840 1814 Pallas

115 1849 203 1932 Quem
218 1852 337 1931 docuit,
350 1851 510 1938 multique
525 1855 677 1938 insignem
691 1850 830 1918 reddidit
846 1869 933 1934 arte3
1037 1864 1040 1874 “
1083 1861 1143 1921 705

118 1953 174 2019 Hic
187 1977 338 2042 responsa
351 1955 460 2036 debat,
474 1954 525 2020 vel
541 1977 611 2042 quae
625 1954 828 2040 portenderet
842 1959 890 2020 ira

118 2056 218 2146 Magna
230 2061 338 2142 detim,
353 2061 404 2125 vel
420 2082 489 2147 quae
504 2061 638 2124 satorum
652 2071 798 2144 posceret
812 2059 910 2140 ord03

118 2159 196 2245 leque
210 2163 259 2228 bis
277 2163 399 2228 AEnean
413 2162 529 2227 solatus
543 2162 674 2227 vocibus
689 2161 775 2226 infit:

117 2261 187 2329 Nate
200 2266 270 2346 dea,
287 2265 351 2352 qud
364 2267 429 2330 lata
444 2266 569 2332 trahunt
583 2266 809 2352 retrahuntque
825 2288 1013 2354 sequamur:

115 2366 262 2456 Quidquid
280 2371 349 2449 erit,
363 2369 542 2456 superanda
555 2373 656 2434 omnis
671 2369 794 2434 fortuna
810 2369 940 2436 lerendo
955 2385 1012 2438 est.
1080 2380 1142 2448 210

117 2469 164 2535 Est
177 2475 229 2538 tibi
242 2473 430 2540 Dardanius
445 2474 558 2540 divinoe
573 2477 680 2559 stirpis
695 2477 843 2540 Acestes:

116 2572 199 2640 Hunc
212 2600 294 2665 cape
309 2577 449 2642 consiliis
464 2579 593 2656 socium,
608 2589 640 2641 et
654 2577 807 2663 conjtmge
822 2577 991 2645 volentem.

117 2675 191 2742 Huic
204 2681 295 2748 trade
310 2683 434 2746 amissis
448 2693 598 2766 superant
612 2682 666 2766 qui
680 2681 822 2761 navibus,
838 2695 868 2746 et
883 2705 962 2770 quos

117 2777 266 2850 Pertaesum
283 2789 389 2871 magni
403 2787 522 2872 incepti
538 2805 705 2868 rerumque
720 2796 842 2848 tuarum
857 2801 904 2851 est
920 2813 929 2868 3

114 2881 340 2975 lungaevosque
355 2910 507 2964 senesce
522 2888 621 2952 fessas
635 2907 762 2973 aequore
777 2901 902 2971 matres,
1080 2901 1140 2959 71⁵

114 2985 149 3052 Et
162 2991 312 3080 quidquid
327 3007 432 3056 tecum
446 2991 618 3056 invalidum
633 3004 835 3077 metuensque
849 2995 962 3079 pericli
978 3012 1034 3079 est,

113 3084 229 3179 Delige:
252 3111 284 3160 et
301 3094 352 3160 his
367 3094 506 3159 habeant
522 3098 612 3158 terris
627 3097 694 3159 sine
709 3097 824 3159 moenia
839 3096 925 3164 lessi.

117 3185 221 3260 Urbem
236 3194 445 3284 appellabunt
463 3195 614 3282 permisso
628 3201 751 3260 nomine
766 3201 926 3266 Acestam.

149 3297 273 3366 'l'alibus
291 3305 438 3366 incensus
452 3299 545 3364 dictis
560 3301 691 3364 senioris
705 3302 818 3366 amici:

113 3393 183 3464 Tum
196 3403 271 3469 verti
286 3405 321 3469 in
337 3423 430 3467 curas
445 3403 582 3466 animum
596 3399 756 3466 diducitur
769 3421 888 3466 omnes.
1077 3415 1137 3473 720

114 3499 147 3564 Et
159 3526 215 3570 nex
230 3523 303 3573 atra
317 3507 423 3593 polum
438 3507 520 3594 bigis
535 3505 686 3570 subvecta
701 3502 845 3568 tenebat:

113 3601 181 3670 Visa
193 3607 310 3676 dehinc
325 3609 408 3675 coelo
421 3609 521 3675 iacies
535 3608 666 3694 delapsa
679 3607 819 3694 parentis

112 3705 244 3773 Anchise
258 3710 366 3776 subitd
380 3709 458 3774 tales
474 3709 633 3774 effimdere
648 3731 759 3773 voces:

110 3805 190 3890 Nate,
204 3813 280 3877 mihi
297 3812 362 3878 vies
376 3811 544 3899 quendam,
557 3810 632 3876 dum
645 3814 713 3877 vita
727 3811 885 3892 manebat,

109 3903 183 3974 Care
196 3915 306 4000 magis,
320 3929 403 3994 nate
419 3913 524 3980 lliacis
539 3915 678 3979 exercite
692 3913 775 3993 satis,
1075 3925 1135 3986 ⁷95

108 4009 229 4098 lmperie
243 4019 334 4082 Jovis
350 4019 411 4083 hue
426 4021 528 4099 venio,
542 4021 596 4104 qui
610 4017 762 4082 classibus
777 4019 880 4101 ignem

108 4110 232 4202 Depulit,
246 4135 279 4186 et
294 4121 378 4188 coelc
393 4121 519 4188 tandem
533 4125 698 4189 miseratus
712 4119 755 4188 ab
770 4118 834 4184 alto
848 4131 905 4184 est.
