2648 5288
307 39 315 53 ο
349 37 408 56 tutu
426 33 536 77 Ιιιὸνίῦ
553 31 645 59 υΙῦΙΙᾶ

1 100 92 175 rioms,
110 99 281 180 eademque
299 97 382 159 calor
398 97 561 181 liquefacta
576 103 709 166 remittit.

2 235 8 244 ·
30 207 75 267 vis
91 206 198 289 apibus
213 204 325 288 puriter
342 206 529 269 metuenda:
551 229 652 292 neque
669 209 725 273 ille

4 335 95 398 quam
112 314 141 374 in
157 313 245 374 tectis
260 313 400 374 certatim
415 313 518 376 tenuia
533 313 608 377 cerri

6 435 70 482 uita
86 417 190 493 linunt,
208 415 339 499 sucoque
356 430 386 478 et
402 415 526 483 floribus
540 440 611 482 oras

2 546 23 602 r,
40 525 264 607 collectumque
281 523 346 584 hec
363 523 428 607 ipsa
443 525 483 589 ad
499 547 626 589 munera
641 527 746 611 gluten

35 645 64 692 et
81 625 223 712 Phrygisse
240 642 361 693 servent
377 630 447 712 pice
464 630 573 695 lentius
589 630 704 713 luet„

1 738 73 798 tiam
91 734 218 810 effossis,
236 734 260 797 si
277 754 348 796 vera
365 749 412 796 est
428 734 519 812 sama,
535 736 658 802 latebris

1 840 37 902 ri
53 838 157 902 sordre
174 839 279 914 larem,
296 837 478 922 penitusque
494 854 621 923 reperte

3 967 113 1030 usque
130 945 224 1020 carie,
237 965 400 1028 exesaeque
416 944 531 1009 arboris
546 960 643 1009 antro.

1 1075 43 1116 ren
60 1076 77 1116 e
94 1053 153 1115 levi
169 1053 280 1116 rimosa
296 1050 408 1115 cubilia
423 1051 496 1117 limo

0 1181 87 1222 vens
102 1157 230 1233 circum,
247 1173 278 1220 et
293 1179 377 1221 rurus
393 1156 575 1242 superinjice
592 1156 725 1224 frondes.

4 1266 87 1348 pius
103 1266 191 1328 tectis
207 1280 313 1328 texum
329 1265 405 1342 sine,
422 1286 500 1328 neve
516 1265 660 1330 rubentes
726 1290 728 1295 ·

7 1395 25 1434 o
42 1392 170 1434 cancros
184 1392 193 1448 3
217 1371 282 1433 altre
299 1391 360 1432 ueu
377 1370 472 1433 erede
489 1369 603 1454 paludi,

1 1480 3 1490 ’
20 1479 96 1540 odor
111 1476 193 1539 coeni
209 1477 319 1557 gravis,
336 1489 386 1537 rut
404 1475 452 1537 ubi
469 1495 605 1537 concava
622 1476 709 1559 pulsu

0 1600 92 1656 nant,
110 1580 254 1661 vocisque
270 1579 385 1643 offensu
404 1579 527 1643 resultat
543 1582 657 1666 imago.

0 1717 6 1746 ι
30 1700 178 1771 superest,
195 1685 245 1747 ubi
264 1685 381 1768 pulsam
394 1686 527 1751 hiemem
543 1688 598 1752 sot
613 1710 725 1755 eureus
741 1711 759 1755 e

1 1816 62 1869 res,
79 1791 254 1875 coelumque
272 1791 374 1856 estivi
389 1794 458 1857 luee
474 1793 610 1871 reclusit,

0 1896 93 1961 ῑίηυὸ
110 1897 202 1961 saltus
219 1899 369 1982 silvasque
384 1915 557 1984 peragrant,

6 2025 114 2088 usque
132 2017 249 2068 metunt
264 2004 366 2083 flores,
383 2021 413 2069 et
429 2005 553 2093 flumina
568 2006 662 2072 libant

21 2113 116 2174 leves.
143 2106 236 2188 Hine,
252 2110 357 2175 nescio
374 2110 435 2195 qud
450 2112 613 2177 dulcedine
630 2112 714 2192 lete,

1 2219 61 2279 ‘em
80 2217 231 2301 nidosque
248 2216 373 2282 iuvent:
397 2220 466 2282 hinc
483 2236 547 2283 arte
563 2235 704 2287 recentes

14 2344 46 2392 nt
62 2351 160 2407 ceras,
177 2344 209 2393 et
224 2329 315 2393 mella
330 2332 450 2395 tenuciu
466 2332 592 2417 fingunt.

1 2464 3 2491 ι
20 2438 69 2500 ubi
81 2437 146 2521 jam
164 2435 309 2500 emissum
326 2438 429 2501 caveis
444 2440 484 2503 ud
500 2441 602 2505 sidere
617 2443 687 2507 eoeli

4 2557 182 2604 restarem
199 2540 344 2625 liquidem
360 2546 535 2629 suspexeris
551 2567 674 2630 agmen,
