<?xml version="1.0" encoding="UTF-8"?>
<!DOCTYPE html PUBLIC "-//W3C//DTD XHTML 1.0 Transitional//EN"
    "http://www.w3.org/TR/xhtml1/DTD/xhtml1-transitional.dtd">
<html xmlns="http://www.w3.org/1999/xhtml" xml:lang="en" lang="en">
 <head>
  <title>
</title>
<meta http-equiv="Content-Type" content="text/html;charset=utf-8" />
  <meta name='ocr-system' content='tesseract 3.04.00' />
  <meta name='ocr-capabilities' content='ocr_page ocr_carea ocr_par ocr_line ocrx_word'/>
</head>
<body>
  <div class='ocr_page' id='page_1' title='image "./bucolicageorgic00goulgoog/bucolicageorgic00goulgoog_0257.png"; bbox 0 0 2648 5288; ppageno 0'>
   <div class='ocr_carea' id='block_1_1' title="bbox 254 1340 620 1430">
    <p class='ocr_par' dir='ltr' id='par_1_1' title="bbox 254 1340 620 1430">
     <span class='ocr_line' id='line_1_1' title="bbox 254 1340 620 1430; baseline 0.003 -1"><span class='ocrx_word' id='word_1_1' title='bbox 254 1340 620 1430; x_wconf 83' lang='lat' dir='ltr'>AENEIDOS</span> 
     </span>
    </p>
   </div>
   <div class='ocr_carea' id='block_1_2' title="bbox 243 1616 629 1682">
    <p class='ocr_par' dir='ltr' id='par_1_2' title="bbox 243 1616 629 1682">
     <span class='ocr_line' id='line_1_2' title="bbox 243 1616 629 1682; baseline 0 -2"><span class='ocrx_word' id='word_1_2' title='bbox 243 1616 378 1681; x_wconf 84' lang='lat' dir='ltr'>LIBER</span> <span class='ocrx_word' id='word_1_3' title='bbox 403 1616 629 1682; x_wconf 84' lang='lat' dir='ltr'><strong>SEPTIMUS.</strong></span> 
     </span>
    </p>
   </div>
   <div class='ocr_carea' id='block_1_3' title="bbox 81 1829 973 4597">
    <p class='ocr_par' dir='ltr' id='par_1_3' title="bbox 81 1829 686 1916">
     <span class='ocr_line' id='line_1_3' title="bbox 81 1829 686 1916; baseline 0.002 -23"><span class='ocrx_word' id='word_1_4' title='bbox 81 1851 126 1916; x_wconf 65' lang='lat' dir='ltr'>lue</span> <span class='ocrx_word' id='word_1_5' title='bbox 140 1829 297 1895; x_wconf 83' lang='lat' dir='ltr'>littoribus</span> <span class='ocrx_word' id='word_1_6' title='bbox 312 1834 432 1908; x_wconf 78' lang='lat' dir='ltr'>nostris,</span> <span class='ocrx_word' id='word_1_7' title='bbox 450 1831 558 1894; x_wconf 83' lang='lat' dir='ltr'>AEneia</span> <span class='ocrx_word' id='word_1_8' title='bbox 573 1830 686 1912; x_wconf 79' lang='lat' dir='ltr'>nutrix,</span> 
     </span>
    </p>

    <p class='ocr_par' dir='ltr' id='par_1_4' title="bbox 81 1934 672 2014">
     <span class='ocr_line' id='line_1_4' title="bbox 81 1934 672 2014; baseline 0 -17"><span class='ocrx_word' id='word_1_9' title='bbox 81 1956 98 1997; x_wconf 92' lang='lat' dir='ltr'>n</span> <span class='ocrx_word' id='word_1_10' title='bbox 112 1937 247 1998; x_wconf 87' lang='lat' dir='ltr'>moriens</span> <span class='ocrx_word' id='word_1_11' title='bbox 262 1935 386 2012; x_wconf 80' lang='lat' dir='ltr'>famam,</span> <span class='ocrx_word' id='word_1_12' title='bbox 402 1934 522 2014; x_wconf 79' lang='lat' dir='ltr'><strong>Caieta,</strong></span> <span class='ocrx_word' id='word_1_13' title='bbox 541 1934 672 1998; x_wconf 88' lang='lat' dir='ltr'>dedisti:</span> 
     </span>
    </p>

    <p class='ocr_par' dir='ltr' id='par_1_5' title="bbox 81 2037 811 2328">
     <span class='ocr_line' id='line_1_5' title="bbox 89 2037 811 2123; baseline 0.003 -23"><span class='ocrx_word' id='word_1_14' title='bbox 89 2050 194 2102; x_wconf 82' lang='lat' dir='ltr'>servet</span> <span class='ocrx_word' id='word_1_15' title='bbox 209 2037 306 2102; x_wconf 87' lang='lat' dir='ltr'><strong>honos</strong></span> <span class='ocrx_word' id='word_1_16' title='bbox 321 2038 426 2101; x_wconf 81' lang='lat' dir='ltr'>sedem</span> <span class='ocrx_word' id='word_1_17' title='bbox 443 2052 532 2118; x_wconf 79' lang='lat' dir='ltr'>tuns3</span> <span class='ocrx_word' id='word_1_18' title='bbox 553 2061 685 2123; x_wconf 82' lang='lat' dir='ltr'>ossaque</span> <span class='ocrx_word' id='word_1_19' title='bbox 701 2059 811 2102; x_wconf 86' lang='lat' dir='ltr'>nomen</span> 
     </span>
     <span class='ocr_line' id='line_1_6' title="bbox 81 2139 757 2228; baseline 0.004 -26"><span class='ocrx_word' id='word_1_20' title='bbox 81 2140 143 2204; x_wconf 79' lang='lat' dir='ltr'>iin</span> <span class='ocrx_word' id='word_1_21' title='bbox 156 2139 276 2223; x_wconf 64' lang='lat' dir='ltr'>magni,</span> <span class='ocrx_word' id='word_1_22' title='bbox 291 2141 316 2203; x_wconf 92' lang='lat' dir='ltr'>si</span> <span class='ocrx_word' id='word_1_23' title='bbox 332 2162 393 2225; x_wconf 82' lang='lat' dir='ltr'>qua</span> <span class='ocrx_word' id='word_1_24' title='bbox 409 2155 455 2204; x_wconf 91' lang='lat' dir='ltr'>est</span> <span class='ocrx_word' id='word_1_25' title='bbox 470 2163 508 2204; x_wconf 89' lang='lat' dir='ltr'>ea</span> <span class='ocrx_word' id='word_1_26' title='bbox 523 2140 630 2226; x_wconf 82' lang='lat' dir='ltr'>gloria,</span> <span class='ocrx_word' id='word_1_27' title='bbox 646 2144 757 2228; x_wconf 81' lang='lat' dir='ltr'>signat.</span> 
     </span>
     <span class='ocr_line' id='line_1_7' title="bbox 81 2242 568 2328; baseline 0 -22"><span class='ocrx_word' id='word_1_28' title='bbox 81 2243 232 2328; x_wconf 78' lang='lat' dir='ltr'>exsequiis</span> <span class='ocrx_word' id='word_1_29' title='bbox 248 2242 362 2306; x_wconf 83' lang='lat' dir='ltr'>AEneas</span> <span class='ocrx_word' id='word_1_30' title='bbox 377 2244 436 2305; x_wconf 69' lang='lat' dir='ltr'>rite</span> <span class='ocrx_word' id='word_1_31' title='bbox 452 2242 568 2322; x_wconf 89' lang='lat' dir='ltr'>solutis,</span> 
     </span>
    </p>

    <p class='ocr_par' dir='ltr' id='par_1_6' title="bbox 81 2346 793 2433">
     <span class='ocr_line' id='line_1_8' title="bbox 81 2346 793 2433; baseline 0 -22"><span class='ocrx_word' id='word_1_32' title='bbox 81 2350 246 2432; x_wconf 85' lang='lat' dir='ltr'>:omposito</span> <span class='ocrx_word' id='word_1_33' title='bbox 262 2347 376 2427; x_wconf 80' lang='lat' dir='ltr'>tumuli,</span> <span class='ocrx_word' id='word_1_34' title='bbox 392 2361 555 2432; x_wconf 82' lang='lat' dir='ltr'>postquam</span> <span class='ocrx_word' id='word_1_35' title='bbox 570 2346 633 2411; x_wconf 85' lang='lat' dir='ltr'>alta</span> <span class='ocrx_word' id='word_1_36' title='bbox 648 2347 793 2433; x_wconf 76' lang='lat' dir='ltr'>quicirunt</span> 
     </span>
    </p>

    <p class='ocr_par' dir='ltr' id='par_1_7' title="bbox 81 2451 744 2538">
     <span class='ocr_line' id='line_1_9' title="bbox 81 2451 744 2538; baseline 0.002 -21"><span class='ocrx_word' id='word_1_37' title='bbox 81 2502 86 2532; x_wconf 84' lang='lat'>‚</span> <span class='ocrx_word' id='word_1_38' title='bbox 101 2453 199 2517; x_wconf 87' lang='lat' dir='ltr'>tendit</span> <span class='ocrx_word' id='word_1_39' title='bbox 215 2454 273 2516; x_wconf 86' lang='lat' dir='ltr'>iter</span> <span class='ocrx_word' id='word_1_40' title='bbox 287 2451 375 2532; x_wconf 81' lang='lat' dir='ltr'>velis,</span> <span class='ocrx_word' id='word_1_41' title='bbox 389 2467 573 2538; x_wconf 89' lang='lat' dir='ltr'>portumque</span> <span class='ocrx_word' id='word_1_42' title='bbox 587 2453 744 2538; x_wconf 80' lang='lat' dir='ltr'><strong>relinquit.</strong></span> 
     </span>
    </p>

    <p class='ocr_par' dir='ltr' id='par_1_8' title="bbox 81 2555 750 2634">
     <span class='ocr_line' id='line_1_10' title="bbox 81 2555 750 2634; baseline 0 -15"><span class='ocrx_word' id='word_1_43' title='bbox 81 2570 110 2619; x_wconf 90' lang='lat' dir='ltr'>nt</span> <span class='ocrx_word' id='word_1_44' title='bbox 124 2566 210 2620; x_wconf 70' lang='lat' dir='ltr'>aune</span> <span class='ocrx_word' id='word_1_45' title='bbox 225 2559 255 2619; x_wconf 94' lang='lat' dir='ltr'>in</span> <span class='ocrx_word' id='word_1_46' title='bbox 271 2569 403 2634; x_wconf 83' lang='lat' dir='ltr'>noctem,</span> <span class='ocrx_word' id='word_1_47' title='bbox 418 2578 475 2619; x_wconf 83' lang='lat' dir='ltr'>nec</span> <span class='ocrx_word' id='word_1_48' title='bbox 491 2555 628 2619; x_wconf 82' lang='lat' dir='ltr'>candida</span> <span class='ocrx_word' id='word_1_49' title='bbox 643 2577 750 2619; x_wconf 89' lang='lat' dir='ltr'>cursus</span> 
     </span>
    </p>

    <p class='ocr_par' dir='ltr' id='par_1_9' title="bbox 81 2655 800 2744">
     <span class='ocr_line' id='line_1_11' title="bbox 81 2655 800 2744; baseline -0.001 -23"><span class='ocrx_word' id='word_1_50' title='bbox 81 2671 151 2744; x_wconf 81' lang='lat' dir='ltr'>gat3</span> <span class='ocrx_word' id='word_1_51' title='bbox 173 2655 315 2742; x_wconf 79' lang='lat' dir='ltr'>splendet</span> <span class='ocrx_word' id='word_1_52' title='bbox 330 2656 461 2722; x_wconf 88' lang='lat' dir='ltr'>tremulo</span> <span class='ocrx_word' id='word_1_53' title='bbox 476 2659 534 2720; x_wconf 91' lang='lat' dir='ltr'>sub</span> <span class='ocrx_word' id='word_1_54' title='bbox 550 2658 665 2721; x_wconf 88' lang='lat' dir='ltr'>lumine</span> <span class='ocrx_word' id='word_1_55' title='bbox 679 2671 800 2743; x_wconf 84' lang='lat' dir='ltr'>pontus.</span> 
     </span>
    </p>

    <p class='ocr_par' dir='ltr' id='par_1_10' title="bbox 81 2759 633 2838">
     <span class='ocr_line' id='line_1_12' title="bbox 81 2759 633 2838; baseline -0.004 -14"><span class='ocrx_word' id='word_1_56' title='bbox 81 2789 86 2824; x_wconf 83' lang='grc' dir='ltr'>ι</span> <span class='ocrx_word' id='word_1_57' title='bbox 101 2761 234 2824; x_wconf 82' lang='lat' dir='ltr'>Circaeae</span> <span class='ocrx_word' id='word_1_58' title='bbox 250 2760 399 2823; x_wconf 82' lang='lat' dir='ltr'>raduntur</span> <span class='ocrx_word' id='word_1_59' title='bbox 414 2759 517 2823; x_wconf 83' lang='lat' dir='ltr'>littora</span> <span class='ocrx_word' id='word_1_60' title='bbox 532 2775 633 2838; x_wconf 68' lang='lat' dir='ltr'>terrm,</span> 
     </span>
    </p>

    <p class='ocr_par' dir='ltr' id='par_1_11' title="bbox 81 2861 576 2927">
     <span class='ocr_line' id='line_1_13' title="bbox 81 2861 576 2927; baseline 0 -4"><span class='ocrx_word' id='word_1_61' title='bbox 81 2885 228 2927; x_wconf 48' lang='lat' dir='ltr'>¹accessos</span> <span class='ocrx_word' id='word_1_62' title='bbox 243 2864 296 2925; x_wconf 93' lang='lat' dir='ltr'>ubi</span> <span class='ocrx_word' id='word_1_63' title='bbox 313 2862 394 2926; x_wconf 92' lang='lat' dir='ltr'>Solis</span> <span class='ocrx_word' id='word_1_64' title='bbox 410 2861 473 2925; x_wconf 80' lang='lat' dir='ltr'>iilia</span> <span class='ocrx_word' id='word_1_65' title='bbox 491 2863 576 2925; x_wconf 90' lang='lat' dir='ltr'>lucos</span> 
     </span>
    </p>

    <p class='ocr_par' dir='ltr' id='par_1_12' title="bbox 88 2966 654 3051">
     <span class='ocr_line' id='line_1_14' title="bbox 88 2966 654 3051; baseline -0.004 -20"><span class='ocrx_word' id='word_1_66' title='bbox 88 2981 213 3031; x_wconf 83' lang='lat' dir='ltr'>resonat</span> <span class='ocrx_word' id='word_1_67' title='bbox 228 2980 331 3045; x_wconf 82' lang='lat' dir='ltr'>cantu,</span> <span class='ocrx_word' id='word_1_68' title='bbox 346 2968 496 3051; x_wconf 86' lang='lat' dir='ltr'>tectisque</span> <span class='ocrx_word' id='word_1_69' title='bbox 512 2966 654 3050; x_wconf 88' lang='lat' dir='ltr'>superbis</span> 
     </span>
    </p>

    <p class='ocr_par' dir='ltr' id='par_1_13' title="bbox 81 3069 683 3148">
     <span class='ocr_line' id='line_1_15' title="bbox 81 3069 683 3148; baseline 0 -15"><span class='ocrx_word' id='word_1_70' title='bbox 81 3083 188 3133; x_wconf 68' lang='lat' dir='ltr'>»ratam</span> <span class='ocrx_word' id='word_1_71' title='bbox 205 3084 354 3132; x_wconf 86' lang='lat' dir='ltr'>nocturna</span> <span class='ocrx_word' id='word_1_72' title='bbox 370 3069 399 3133; x_wconf 93' lang='lat' dir='ltr'>in</span> <span class='ocrx_word' id='word_1_73' title='bbox 415 3069 530 3132; x_wconf 78' lang='lat' dir='ltr'>lumina</span> <span class='ocrx_word' id='word_1_74' title='bbox 545 3069 683 3148; x_wconf 81' lang='lat' dir='ltr'>cedrum,</span> 
     </span>
    </p>

    <p class='ocr_par' dir='ltr' id='par_1_14' title="bbox 81 3173 622 3257">
     <span class='ocr_line' id='line_1_16' title="bbox 81 3173 622 3257; baseline 0.002 -22"><span class='ocrx_word' id='word_1_75' title='bbox 81 3195 180 3236; x_wconf 78' lang='lat' dir='ltr'>rnues</span> <span class='ocrx_word' id='word_1_76' title='bbox 194 3194 380 3257; x_wconf 84' lang='lat' dir='ltr'>percurrens</span> <span class='ocrx_word' id='word_1_77' title='bbox 394 3175 516 3257; x_wconf 79' lang='lat' dir='ltr'>pectine</span> <span class='ocrx_word' id='word_1_78' title='bbox 532 3173 622 3236; x_wconf 72' lang='lat' dir='ltr'>telas</span> 
     </span>
    </p>

    <p class='ocr_par' dir='ltr' id='par_1_15' title="bbox 84 3274 599 3361">
     <span class='ocr_line' id='line_1_17' title="bbox 84 3274 599 3361; baseline -0.002 -22"><span class='ocrx_word' id='word_1_79' title='bbox 84 3275 184 3339; x_wconf 81' lang='lat' dir='ltr'>audiri</span> <span class='ocrx_word' id='word_1_80' title='bbox 198 3277 327 3361; x_wconf 86' lang='lat' dir='ltr'>gemitus</span> <span class='ocrx_word' id='word_1_81' title='bbox 343 3279 460 3358; x_wconf 81' lang='lat' dir='ltr'>iraeque</span> <span class='ocrx_word' id='word_1_82' title='bbox 477 3274 599 3338; x_wconf 85' lang='lat' dir='ltr'>iconum</span> 
     </span>
    </p>

    <p class='ocr_par' dir='ltr' id='par_1_16' title="bbox 81 3376 771 3458">
     <span class='ocr_line' id='line_1_18' title="bbox 81 3376 771 3458; baseline 0 -17"><span class='ocrx_word' id='word_1_83' title='bbox 81 3377 270 3441; x_wconf 71' lang='lat' dir='ltr'>recusantum</span> <span class='ocrx_word' id='word_1_84' title='bbox 285 3390 315 3440; x_wconf 87' lang='lat' dir='ltr'>et</span> <span class='ocrx_word' id='word_1_85' title='bbox 330 3376 399 3440; x_wconf 70' lang='lat' dir='ltr'>seri</span> <span class='ocrx_word' id='word_1_86' title='bbox 414 3378 471 3439; x_wconf 88' lang='lat' dir='ltr'>sub</span> <span class='ocrx_word' id='word_1_87' title='bbox 487 3391 576 3440; x_wconf 88' lang='lat' dir='ltr'>nocte</span> <span class='ocrx_word' id='word_1_88' title='bbox 591 3377 771 3458; x_wconf 78' lang='lat' dir='ltr'>rudentiim3</span> 
     </span>
    </p>

    <p class='ocr_par' dir='ltr' id='par_1_17' title="bbox 81 3480 674 3566">
     <span class='ocr_line' id='line_1_19' title="bbox 81 3480 674 3566; baseline 0.002 -24"><span class='ocrx_word' id='word_1_89' title='bbox 81 3503 136 3566; x_wconf 80' lang='lat' dir='ltr'>que</span> <span class='ocrx_word' id='word_1_90' title='bbox 151 3502 231 3558; x_wconf 83' lang='lat' dir='ltr'>sues,</span> <span class='ocrx_word' id='word_1_91' title='bbox 247 3492 339 3563; x_wconf 86' lang='lat' dir='ltr'>atque</span> <span class='ocrx_word' id='word_1_92' title='bbox 355 3482 385 3542; x_wconf 93' lang='lat' dir='ltr'>in</span> <span class='ocrx_word' id='word_1_93' title='bbox 402 3480 595 3563; x_wconf 84' lang='lat' dir='ltr'>praesepibus</span> <span class='ocrx_word' id='word_1_94' title='bbox 611 3485 674 3543; x_wconf 87' lang='lat' dir='ltr'>ursi</span> 
     </span>
    </p>

    <p class='ocr_par' dir='ltr' id='par_1_18' title="bbox 81 3581 834 3768">
     <span class='ocr_line' id='line_1_20' title="bbox 84 3581 747 3667; baseline -0.003 -20"><span class='ocrx_word' id='word_1_95' title='bbox 84 3605 121 3647; x_wconf 83' lang='lat' dir='ltr'>ac</span> <span class='ocrx_word' id='word_1_96' title='bbox 136 3583 243 3646; x_wconf 82' lang='lat' dir='ltr'>formae</span> <span class='ocrx_word' id='word_1_97' title='bbox 259 3603 437 3667; x_wconf 82' lang='lat' dir='ltr'>magnorum</span> <span class='ocrx_word' id='word_1_98' title='bbox 454 3581 571 3644; x_wconf 86' lang='lat' dir='ltr'>ululare</span> <span class='ocrx_word' id='word_1_99' title='bbox 586 3582 747 3666; x_wconf 78' lang='lat' dir='ltr'>luporum3</span> 
     </span>
     <span class='ocr_line' id='line_1_21' title="bbox 81 3682 834 3768; baseline -0.001 -20"><span class='ocrx_word' id='word_1_100' title='bbox 81 3686 199 3748; x_wconf 87' lang='lat' dir='ltr'>minum</span> <span class='ocrx_word' id='word_1_101' title='bbox 213 3707 252 3747; x_wconf 84' lang='lat' dir='ltr'>ex</span> <span class='ocrx_word' id='word_1_102' title='bbox 268 3685 349 3747; x_wconf 81' lang='lat' dir='ltr'>facie</span> <span class='ocrx_word' id='word_1_103' title='bbox 364 3682 424 3746; x_wconf 89' lang='lat' dir='ltr'>dca</span> <span class='ocrx_word' id='word_1_104' title='bbox 439 3705 522 3746; x_wconf 83' lang='lat' dir='ltr'>saeva</span> <span class='ocrx_word' id='word_1_105' title='bbox 537 3685 713 3768; x_wconf 87' lang='lat' dir='ltr'>potentibus</span> <span class='ocrx_word' id='word_1_106' title='bbox 728 3684 834 3747; x_wconf 85' lang='lat' dir='ltr'>herbis</span> 
     </span>
    </p>

    <p class='ocr_par' dir='ltr' id='par_1_19' title="bbox 81 3786 973 3974">
     <span class='ocr_line' id='line_1_22' title="bbox 81 3786 973 3871; baseline 0 -21"><span class='ocrx_word' id='word_1_107' title='bbox 81 3801 89 3850; x_wconf 90' lang='lat' dir='ltr'>t</span> <span class='ocrx_word' id='word_1_108' title='bbox 103 3787 200 3850; x_wconf 89' lang='lat' dir='ltr'>Circe</span> <span class='ocrx_word' id='word_1_109' title='bbox 215 3787 246 3849; x_wconf 92' lang='lat' dir='ltr'>in</span> <span class='ocrx_word' id='word_1_110' title='bbox 260 3786 361 3849; x_wconf 89' lang='lat' dir='ltr'>vultus</span> <span class='ocrx_word' id='word_1_111' title='bbox 377 3807 414 3849; x_wconf 87' lang='lat' dir='ltr'>ac</span> <span class='ocrx_word' id='word_1_112' title='bbox 429 3800 515 3871; x_wconf 85' lang='lat' dir='ltr'>terga</span> <span class='ocrx_word' id='word_1_113' title='bbox 531 3787 677 3850; x_wconf 83' lang='lat' dir='ltr'>serarum.</span> <span class='ocrx_word' id='word_1_114' title='bbox 932 3794 973 3850; x_wconf 70' lang='lat'>20</span> 
     </span>
     <span class='ocr_line' id='line_1_23' title="bbox 88 3888 684 3974; baseline -0.003 -21"><span class='ocrx_word' id='word_1_115' title='bbox 88 3901 225 3953; x_wconf 83' lang='lat' dir='ltr'>monstra</span> <span class='ocrx_word' id='word_1_116' title='bbox 240 3891 284 3972; x_wconf 84' lang='lat' dir='ltr'>pii</span> <span class='ocrx_word' id='word_1_117' title='bbox 300 3901 479 3974; x_wconf 84' lang='lat' dir='ltr'>paterentur</span> <span class='ocrx_word' id='word_1_118' title='bbox 494 3888 568 3951; x_wconf 82' lang='lat' dir='ltr'>talin</span> <span class='ocrx_word' id='word_1_119' title='bbox 584 3889 684 3951; x_wconf 67' lang='lat' dir='ltr'>Troes</span> 
     </span>
    </p>

    <p class='ocr_par' dir='ltr' id='par_1_20' title="bbox 81 3990 663 4076">
     <span class='ocr_line' id='line_1_24' title="bbox 81 3990 663 4076; baseline 0.002 -22"><span class='ocrx_word' id='word_1_120' title='bbox 81 4014 94 4054; x_wconf 91' lang='lat' dir='ltr'>n</span> <span class='ocrx_word' id='word_1_121' title='bbox 109 4004 226 4076; x_wconf 77' lang='lat' dir='ltr'>portus,</span> <span class='ocrx_word' id='word_1_122' title='bbox 242 4013 300 4053; x_wconf 84' lang='lat' dir='ltr'>neu</span> <span class='ocrx_word' id='word_1_123' title='bbox 317 3991 419 4054; x_wconf 85' lang='lat' dir='ltr'>littora</span> <span class='ocrx_word' id='word_1_124' title='bbox 434 3990 502 4054; x_wconf 87' lang='lat' dir='ltr'>dira</span> <span class='ocrx_word' id='word_1_125' title='bbox 517 3993 663 4072; x_wconf 85' lang='lat' dir='ltr'>subirent,</span> 
     </span>
    </p>

    <p class='ocr_par' dir='ltr' id='par_1_21' title="bbox 81 4092 622 4178">
     <span class='ocr_line' id='line_1_25' title="bbox 81 4092 622 4178; baseline 0 -21"><span class='ocrx_word' id='word_1_126' title='bbox 81 4115 102 4157; x_wconf 81' lang='lat' dir='ltr'>is</span> <span class='ocrx_word' id='word_1_127' title='bbox 115 4094 216 4158; x_wconf 79' lang='lat' dir='ltr'>ventis</span> <span class='ocrx_word' id='word_1_128' title='bbox 231 4093 369 4178; x_wconf 90' lang='lat' dir='ltr'>implevit</span> <span class='ocrx_word' id='word_1_129' title='bbox 383 4093 453 4157; x_wconf 88' lang='lat' dir='ltr'>vela</span> <span class='ocrx_word' id='word_1_130' title='bbox 468 4092 622 4173; x_wconf 65' lang='lat' dir='ltr'>secundis</span> 
     </span>
    </p>

    <p class='ocr_par' dir='ltr' id='par_1_22' title="bbox 81 4192 972 4490">
     <span class='ocr_line' id='line_1_26' title="bbox 81 4192 877 4284; baseline 0 -24"><span class='ocrx_word' id='word_1_131' title='bbox 81 4219 163 4283; x_wconf 83' lang='lat' dir='ltr'>rgam</span> <span class='ocrx_word' id='word_1_132' title='bbox 178 4196 275 4276; x_wconf 71' lang='lat' dir='ltr'>dedit,</span> <span class='ocrx_word' id='word_1_133' title='bbox 291 4211 321 4260; x_wconf 91' lang='lat' dir='ltr'>et</span> <span class='ocrx_word' id='word_1_134' title='bbox 335 4211 449 4282; x_wconf 83' lang='lat' dir='ltr'>praeter</span> <span class='ocrx_word' id='word_1_135' title='bbox 464 4197 544 4261; x_wconf 83' lang='lat' dir='ltr'>vada</span> <span class='ocrx_word' id='word_1_136' title='bbox 560 4196 681 4261; x_wconf 83' lang='lat' dir='ltr'>fervida</span> <span class='ocrx_word' id='word_1_137' title='bbox 696 4198 791 4284; x_wconf 67' lang='lat' dir='ltr'>vexit.⁴</span> <span class='ocrx_word' id='word_1_138' title='bbox 874 4192 877 4204; x_wconf 86' lang='lat'>&#39;</span> 
     </span>
     <span class='ocr_line' id='line_1_27' title="bbox 81 4300 972 4378; baseline 0.002 -16"><span class='ocrx_word' id='word_1_139' title='bbox 81 4320 119 4362; x_wconf 86' lang='lat' dir='ltr'>ue</span> <span class='ocrx_word' id='word_1_140' title='bbox 132 4300 321 4364; x_wconf 84' lang='lat' dir='ltr'>rubescebat</span> <span class='ocrx_word' id='word_1_141' title='bbox 336 4300 434 4364; x_wconf 87' lang='lat' dir='ltr'>radiis</span> <span class='ocrx_word' id='word_1_142' title='bbox 450 4322 545 4378; x_wconf 85' lang='lat' dir='ltr'>mare,</span> <span class='ocrx_word' id='word_1_143' title='bbox 560 4314 590 4363; x_wconf 91' lang='lat' dir='ltr'>et</span> <span class='ocrx_word' id='word_1_144' title='bbox 605 4301 720 4365; x_wconf 85' lang='lat' dir='ltr'>aethere</span> <span class='ocrx_word' id='word_1_145' title='bbox 736 4302 777 4365; x_wconf 86' lang='lat' dir='ltr'>ab</span> <span class='ocrx_word' id='word_1_146' title='bbox 793 4301 854 4366; x_wconf 85' lang='lat' dir='ltr'>alto</span> <span class='ocrx_word' id='word_1_147' title='bbox 933 4307 972 4365; x_wconf 72' lang='lat'>2⁵</span> 
     </span>
     <span class='ocr_line' id='line_1_28' title="bbox 81 4402 584 4490; baseline 0.002 -26"><span class='ocrx_word' id='word_1_148' title='bbox 81 4405 112 4465; x_wconf 91' lang='lat' dir='ltr'>in</span> <span class='ocrx_word' id='word_1_149' title='bbox 126 4406 225 4467; x_wconf 87' lang='lat' dir='ltr'>roseis</span> <span class='ocrx_word' id='word_1_150' title='bbox 235 4403 374 4490; x_wconf 83' lang='lat' dir='ltr'>fulgebat</span> <span class='ocrx_word' id='word_1_151' title='bbox 389 4402 472 4466; x_wconf 86' lang='lat' dir='ltr'>lutea</span> <span class='ocrx_word' id='word_1_152' title='bbox 488 4404 584 4488; x_wconf 81' lang='lat' dir='ltr'>bigis:</span> 
     </span>
    </p>

    <p class='ocr_par' dir='ltr' id='par_1_23' title="bbox 83 4504 750 4597">
     <span class='ocr_line' id='line_1_29' title="bbox 83 4504 750 4597; baseline 0.003 -30"><span class='ocrx_word' id='word_1_153' title='bbox 83 4509 145 4569; x_wconf 87' lang='lat' dir='ltr'>enti</span> <span class='ocrx_word' id='word_1_154' title='bbox 160 4505 303 4597; x_wconf 75' lang='lat' dir='ltr'>posusire,</span> <span class='ocrx_word' id='word_1_155' title='bbox 317 4511 478 4593; x_wconf 85' lang='lat' dir='ltr'>omnisque</span> <span class='ocrx_word' id='word_1_156' title='bbox 492 4507 621 4592; x_wconf 67' lang='lat' dir='ltr'>repent&amp;</span> <span class='ocrx_word' id='word_1_157' title='bbox 634 4504 750 4572; x_wconf 83' lang='lat' dir='ltr'>resedit</span> 
     </span>
    </p>
   </div>
   <div class='ocr_carea' id='block_1_4' title="bbox 0 0 1328 5288">
    <p class='ocr_par' dir='ltr' id='par_1_24' title="bbox 0 0 1328 5288">
     <span class='ocr_line' id='line_1_30' title="bbox 0 0 1328 5288; baseline 0 0"><span class='ocrx_word' id='word_1_158' title='bbox 0 0 1328 5288; x_wconf 95' lang='lat' dir='ltr'> </span> 
     </span>
    </p>
   </div>
  </div>
 </body>
</html>
