2890 5002
587 391 771 480 tramiti
1166 411 1221 482 rer

189 583 231 650 Et
244 596 362 647 terram
376 564 521 645 altricem
535 581 611 645 seri
626 587 813 646 execramur
825 572 966 669 Ulyssei.

189 686 268 752 Mox
283 697 314 749 et
328 683 478 748 Leucate
493 679 636 747 nimbosa
649 683 814 747 cacumina
828 685 949 765 montis,
1050 753 1052 758 ,

189 773 235 852 Et
249 785 431 850 formidatus
444 787 548 850 nautis
562 787 701 870 aperitur
716 781 830 872 Apollo
841 783 877 889 :q
916 807 921 814 ·

190 889 288 954 Hunc
303 892 436 974 petimus
450 884 534 969 lessi,
550 899 581 952 et
594 895 702 974 parrae
717 889 913 954 succedimus
926 887 1009 954 urbis

187 987 341 1058 Anchora
355 985 397 1055 de
410 989 505 1076 proris
515 992 653 1077 jacitur3
675 1005 756 1057 stant
770 987 874 1058 littore
888 999 1020 1079 puppes.

233 1093 318 1179 Ergo
332 1087 491 1178 insperate
506 1087 632 1157 taudem
647 1083 759 1158 tellure
773 1097 874 1179 potiti,

188 1193 436 1282 Lustrumurque
450 1189 534 1276 Jori,
548 1200 690 1282 votisque
704 1196 900 1262 incendimus
915 1214 997 1281 aras,

188 1303 346 1385 Actiaque
360 1296 466 1365 Iliacis
481 1299 678 1366 celebramus
693 1299 798 1366 littora
813 1299 915 1383 ludis;

190 1402 350 1468 Exercent
363 1407 484 1490 patrias
498 1403 569 1468 oleo
583 1403 709 1468 labente
723 1401 887 1490 palestrae

190 1505 309 1572 Nudati
322 1510 420 1572 socii:
438 1507 529 1594 juvet
543 1509 680 1571 evasisse
694 1513 739 1571 tot
751 1505 848 1572 urbes

189 1609 364 1696 Argolicas,
378 1607 563 1696 mediosque
578 1609 682 1697 lugam
697 1615 833 1677 tenuisse
847 1628 906 1698 per
919 1605 1038 1680 hostes.

188 1713 313 1780 interea
326 1723 471 1803 magnum
485 1714 532 1780 soi
546 1713 940 1816 circumvolvituiqannum,

188 1809 231 1883 llt
245 1817 388 1906 glacialis
403 1819 504 1884 hiems
520 1787 728 1904 dirutionibus
740 1832 866 1904 asperat
876 1815 986 1885 undas.

188 1917 265 1984 Ere
279 1941 358 1986 cavo
372 1919 533 2008 clypeum,
546 1923 651 2007 magni
665 1931 823 2007 gestamen
838 1911 982 2002 Abantis,

189 2022 334 2088 Postibus
347 2017 491 2088 adversis
505 2013 576 2109 tig‘o,
591 2030 622 2086 et
635 2037 703 2086 rem
716 2023 854 2088 carmine
869 2026 977 2110 signos

188 2123 304 2190 mne
318 2147 400 2190 saro
414 2138 456 2190 ot
470 2119 592 2189 Darnis
607 2133 790 2189 mereamus
804 2143 898 2190 ianr.

187 2227 348 2314 Linquere
362 2241 427 2294 tum
441 2239 549 2314 portus
559 2217 668 2313 jubeo,
684 2237 714 2291 et
728 2221 894 2292 considere
909 2232 1064 2295 transtris.

184 2327 342 2396 Certatim
356 2321 435 2395 socii
450 2319 565 2392 feriunt
579 2337 677 2408 mare,
692 2335 723 2391 et
737 2341 866 2412 aequora
879 2342 1032 2406 verrunt,

187 2431 339 2497 Protenus
353 2431 458 2495 siries
473 2425 642 2493 rhoecum
656 2425 878 2492 abscondimus
887 2444 994 2511 narses,

186 2535 372 2622 littoraque
387 2534 478 2620 Epiri
492 2526 634 2619 legimus,
647 2537 802 2616 portuque
816 2529 956 2596 subimus

186 2637 343 2719 Chaonio,
357 2640 390 2701 et
403 2633 521 2701 celsam
536 2627 682 2699 Buthroti
698 2629 878 2698 accedimus
891 2629 1014 2700 urbem.

229 2737 297 2808 iiic
311 2733 511 2808 incredibilis
526 2749 632 2804 rerum
646 2737 731 2802 fama
746 2743 881 2822 occupat
895 2755 998 2820 aures,

184 2842 370 2912 Priamiden
384 2836 544 2907 Helenum
556 2837 672 2905 Graias
686 2849 819 2928 regnare
833 2851 892 2927 per
905 2839 1011 2926 urbes,

184 2949 344 3037 Conjugio
359 2939 497 3010 AEacirle
513 2937 630 3030 Pyrrhi
644 2937 839 3028 sceptrisque
852 2943 994 3028 potitum,

184 3055 229 3122 Et
242 3052 347 3140 patrio
360 3041 604 3114 Andromachen
617 3047 730 3110 iterum
744 3045 876 3110 cessisse
891 3043 1013 3111 marito.

184 3156 361 3241 Obstupui3
381 3153 524 3236 nonoque
538 3151 699 3213 mcensum
712 3153 822 3233 pectus
836 3156 943 3212 amore

185 3256 389 3346 Compellare
402 3257 515 3333 dmm,
529 3265 560 3316 et
574 3263 666 3317 essue
681 3266 869 3337 cognoscere
884 3259 995 3318 tanus.

185 3359 378 3451 Progredior
390 3369 494 3444 portu,
507 3353 627 3420 classes
642 3361 673 3418 et
687 3349 792 3419 littora
806 3350 960 3437 linquens.

230 3466 392 3532 solemnes
407 3474 473 3527 tum
486 3456 567 3525 torte
582 3455 681 3544 dapes
695 3465 726 3521 et
741 3458 842 3520 tristia
856 3451 948 3536 dona,

184 3575 269 3640 Ante
282 3568 395 3632 urbem
409 3567 443 3628 in
457 3557 539 3641 luco,
552 3556 624 3626 falsi
640 3557 806 3624 Simoentis
821 3555 863 3622 ad
876 3555 1002 3641 undam,

185 3672 328 3741 Libebat
341 3668 444 3733 cineri
459 3661 692 3743 Andromache,
706 3657 880 3745 Manesque
893 3659 1030 3726 vocabat

183 3764 383 3842 Hectoreum
398 3767 441 3833 ad
455 3765 615 3846 tumulum,
628 3761 725 3829 viridi
739 3774 832 3848 quem
847 3766 965 3849 cespite
980 3768 1113 3852 inanem,

180 3879 227 3947 Et
241 3878 392 3965 geminas,
407 3891 536 3937 causam
551 3869 711 3956 lacrymis,
725 3877 907 3931 sacraverat
920 3883 1003 3933 aras.
1017 3893 1027 3978 p
1155 3877 1217 3939 ³05

180 3981 229 4047 Ut
245 4001 297 4044 me
312 3976 477 4061 conspexit
490 3973 676 4050 venientem,
691 3981 722 4033 et
736 3967 834 4033 Troia
848 3965 968 4034 circum

176 4088 408 4189 Armatameos
418 4076 512 4205 pidit,
524 4077 646 4160 maguis
661 4073 812 4138 exterrita
826 4073 980 4154 monstris,
