2890 5002
608 357 725 466 amaa
744 408 767 466 1.

186 557 263 624 Non
277 551 498 624 metus.officio
513 574 553 618 ne
569 563 599 618 te
613 554 752 620 certisse
766 559 906 641 priorem
921 601 929 638 ,

188 663 360 728 Paeniteat.
385 659 465 726 Sunt
480 672 512 723 et
528 657 641 723 Siculis
655 661 837 748 regionibus
853 663 957 746 urbes,

186 769 352 850 Arvaque,
367 763 572 849 Trojanoque
587 783 607 826 a
621 766 771 849 sanguine
785 763 889 830 clarus
904 770 1071 866 Acesten]
1170 777 1232 835 550

188 871 382 954 Quassatam
397 871 499 934 ventis
515 865 610 932 liceat
625 866 804 934 subducere
820 868 964 954 classem,

189 975 234 1039 Et
248 973 336 1038 silvis
351 983 461 1058 aptare
477 971 593 1051 trabes,
609 983 641 1036 et
655 974 810 1058 stringere
824 995 948 1055 remos3

191 1079 228 1142 Si
242 1077 335 1144 datur
350 1075 483 1158 ltaliam,
498 1078 593 1142 sociis
609 1089 640 1142 et
654 1097 730 1162 rege
745 1091 885 1162 recepto,

190 1179 351 1259 Tendere,
367 1192 399 1246 ut
415 1177 538 1247 ltaliam
554 1177 619 1244 leti
634 1177 825 1266 Latiumque
840 1193 1002 1267 petamtts3

191 1284 251 1350 Sin
267 1283 430 1369 absumpta
444 1281 538 1363 salus,
554 1297 585 1348 et
599 1296 641 1364 te,
654 1297 746 1378 pater
760 1288 878 1371 optime
893 1285 1063 1368 Teucrum,
1164 1297 1226 1354 555

194 1387 311 1453 Pontus
325 1387 422 1452 babet
436 1386 564 1474 Libye,
578 1409 638 1454 nec
653 1409 726 1474 spes
735 1389 804 1476 jam
818 1402 916 1456 restat
931 1389 1000 1472 liili‚

192 1492 238 1554 At
252 1491 330 1555 freta
345 1492 480 1558 Sicania
496 1489 618 1571 saltem,
632 1489 788 1576 sedesque
803 1505 940 1579 paratas,

191 1592 287 1658 Unde
303 1593 364 1659 huc
381 1591 517 1676 advecti,
533 1615 705 1680 regemque
720 1607 862 1682 petamus
877 1599 1025 1664 Acesten.

190 1695 324 1762 Talibus
339 1695 493 1764 Ilioneus:
517 1701 623 1764 ctmcti
638 1697 730 1764 simul
744 1719 800 1766 ore
815 1700 991 1769 fremebant

189 1798 400 1867 Dardanidas.
1168 1812 1231 1874 560
1246 1887 1247 1892 ¹

234 1903 316 1968 Tum
333 1905 472 1969 breviter
486 1903 584 1987 Dido,
599 1905 718 1974 vultum
733 1905 882 1987 demissa,
895 1909 1055 1995 profatur:

191 2005 310 2072 Solvite
325 2006 423 2072 corde
438 2023 565 2090 metum,
579 2009 715 2090 Teucri,
737 2009 890 2078 secludite
905 2032 1009 2080 curas.

190 2105 257 2171 Res
271 2107 351 2174 dura
366 2121 398 2175 et
411 2113 501 2196 regni
516 2114 638 2178 novitas
653 2133 703 2178 me
719 2111 796 2178 talia
809 2125 925 2202 cogunt
1049 2145 1053 2158 ·

189 2208 308 2289 Moliri,
323 2225 355 2274 et
369 2210 433 2278 latri
449 2211 527 2278 lines
541 2213 672 2282 custode
687 2217 780 2282 tueri.

188 2313 268 2395 Quis
283 2335 380 2400 genua
395 2313 581 2396 AEneadum
596 2320 667 2401 quis
682 2317 788 2405 Trojaa
803 2321 924 2386 nesciat
938 2320 1061 2401 urbem,
1170 2325 1230 2385 565

190 2415 406 2502 vitataque,
421 2420 581 2503 uirosque,
595 2433 649 2486 aut
664 2424 744 2488 tanti
758 2419 906 2490 incendia
921 2421 1019 2487 ballii

189 2515 264 2582 Non
278 2520 387 2584 obtusa
403 2519 485 2586 adeo
498 2535 657 2606 gestamus
672 2533 804 2604 pectora
819 2521 927 2596 Poeni3

188 2619 261 2686 Nec
276 2634 339 2686 tam
353 2641 481 2688 aversus
497 2642 594 2706 equos
610 2619 714 2706 Tyrii
728 2618 775 2684 sol
786 2621 890 2705 jungit
905 2620 947 2684 ab
962 2621 1077 2718 urbe&

189 2725 254 2788 Seu
270 2746 325 2789 vos
341 2724 532 2810 Hesperiam
547 2745 693 2812 magnam
709 2723 920 2807 Saturniaque
936 2745 1023 2806 arva,

186 2831 264 2896 Sive
281 2829 397 2915 Erycis
413 2829 489 2896 fines
504 2837 676 2916 regemque
690 2829 805 2912 optatis
819 2829 969 2910 Acesten,
1170 2841 1232 2902 570

186 2931 320 2996 Auxilio
335 2945 416 2996 tutos
431 2931 596 3012 dimittam,
610 2930 788 3018 opibusque
797 2930 930 3018 juvabo·

172 3033 344 3124 xVultisct
358 3034 408 3100 bia
423 3057 546 3102 mecum
557 3037 681 3121 pariter
696 3033 863 3126 considere
878 3039 1005 3123 regnis?

162 3195 165 3200 Α
185 3135 313 3201 Urbem
328 3159 422 3222 quam
437 3151 540 3204 statuo
554 3151 660 3202 vestra
675 3152 739 3202 est:
762 3136 928 3202 subducite
944 3161 1058 3206 naves:

181 3239 271 3304 Tros
286 3239 469 3326 Tyriusque
485 3241 563 3306 mihi
578 3239 664 3306 nullo
679 3238 861 3306 discrimine
877 3254 997 3326 agetur.

179 3347 294 3428 Atque
309 3347 427 3410 utinam
444 3367 501 3410 rex
517 3347 585 3430 ipse
602 3343 684 3409 Noto
700 3342 877 3430 compulsus
893 3343 1006 3412 eodem
1165 3359 1226 3417 575

177 3445 310 3515 Afforet
325 3446 459 3513 AEneas!
483 3447 640 3534 Equidem
655 3470 713 3534 per
728 3447 833 3513 littora
847 3461 952 3512 certos

178 3553 365 3632 Dimittam,
379 3567 410 3617 et
425 3553 542 3639 Libyae
558 3551 692 3618 lustrare
709 3565 850 3616 extrema
862 3551 994 3637 jubebo,

178 3657 223 3721 Si
238 3655 353 3740 quibus
368 3657 487 3743 ejectus
502 3655 591 3722 silvis
607 3669 660 3722 aut
674 3655 806 3722 urbibus
822 3667 917 3720 errat.

231 3758 295 3822 His
310 3763 447 3826 animum
463 3764 579 3826 arrecti
594 3759 699 3840 dictis,
714 3773 746 3826 et
760 3761 849 3824 fortis
864 3757 1004 3826 Achates

174 3863 229 3930 Et
243 3873 333 3946 pater
349 3861 465 3928 AEneas
475 3863 663 3952 jamdudum
678 3885 844 3948 erumpere
858 3861 974 3928 nubem
1165 3873 1227 3934 500

172 3966 363 4036 Ardebant.
387 3972 480 4037 Prior
495 3973 616 4038 AEnean
631 3969 800 4058 compellat
815 3970 974 4038 Achates:

174 4071 270 4138 Nate
286 4070 357 4154 dee,
373 4095 443 4160 quae
459 4097 544 4143 nunc
558 4079 664 4144 animo
677 4077 832 4142 sententia
846 4076 964 4159 surgit?
