2890 5002
586 481 702 544 umas
722 484 757 545 ll.

166 631 250 697 Tum
264 629 383 710 Danai,
397 633 514 716 gemitu
529 643 622 718 atque
637 647 750 720 erepte
764 637 895 722 virginis
910 635 968 718 ira,

166 733 318 820 Undique
333 731 460 799 collecti
475 733 647 816 invadunt;
669 740 842 801 acerrimus
856 739 952 825 Ajax,

166 837 212 904 Et
226 841 340 925 gemini
355 837 489 917 Atridae,
504 835 729 926 Dolopumque
744 845 901 906 exereitus
914 847 1027 915 omnis.
1147 851 1209 908 415

167 941 305 1006 Adversi
320 954 412 1027 rupto
427 961 486 1006 ceu
502 941 660 1026 quondam
674 944 801 1008 turbine
815 948 901 1009 venti

168 1041 358 1130 Confligunt,
372 1041 617 1128 Zephyrusque,
632 1044 804 1130 Notusque,
820 1059 850 1109 et
866 1043 954 1110 latus
969 1045 1045 1111 Eois

168 1143 273 1208 Eurus
288 1147 397 1228 equis;
418 1143 552 1208 stridunt
567 1145 673 1228 silvae3
695 1150 844 1232 seritque
859 1145 987 1210 tridenti

169 1247 323 1332 Spumeus
337 1259 431 1331 atque
446 1249 509 1310 imo
524 1245 645 1312 Nereus
660 1250 724 1312 ciet
740 1269 866 1334 equora
880 1241 1017 1346 lundofl

168 1347 221 1412 llli
236 1353 340 1429 etiam,
354 1351 380 1413 si
396 1371 474 1434 quos
489 1351 625 1414 obscura
640 1365 732 1416 nocte
747 1373 805 1439 per
820 1351 964 1416 umbram
1147 1357 1211 1416 490
1240 1433 1245 1442 .

168 1451 319 1516 Fudimus
333 1451 466 1532 insidiis,
481 1453 607 1539 totaque
623 1457 809 1542 agitavimus
825 1456 915 1536 urbe,

167 1559 350 1642 Apparent3
371 1559 466 1642 primi
481 1556 615 1644 clypeos
630 1563 822 1645 mentitaque
837 1558 900 1622 tela

168 1661 358 1743 Agnoscunt,
374 1673 468 1746 atque
482 1681 539 1724 ora
551 1681 630 1752 pono
645 1661 808 1726 discordia
818 1663 961 1763 'signant

169 1761 259 1826 Ilicet
272 1761 436 1826 obruimur
449 1783 598 1827 numero:
622 1767 805 1850 primusque
820 1763 986 1844 Corcebus,

167 1865 295 1932 Penelei
309 1865 433 1946 dextra,
447 1866 530 1932 divae
545 1871 760 1953 armipotentis
776 1867 817 1933 ad
833 1889 921 1932 aram
1071 1951 1075 1958 1
1145 1875 1208 1936 494

170 1968 372 2050 Procumbit3
394 1968 480 2034 cadit
495 1983 526 2032 et
541 1969 694 2056 Rhipeus,
703 1972 1006 2072 justissimuspnus,

168 2072 232 2155 Qui
247 2073 305 2136 luit
318 2075 351 2136 in
366 2071 511 2152 Teucris,
526 2085 557 2135 et
572 2077 824 2137 servantissimus
840 2076 940 2158 aqui:

167 2171 229 2238 Dis
243 2173 335 2238 aliter
348 2176 462 2236 visum.
508 2172 642 2240 Pereunt
657 2173 880 2260 Hypanisque,
895 2173 1094 2261 Dymasque,

170 2275 296 2340 Conlixi
312 2297 331 2340 a
345 2277 460 2340 sociisz
483 2297 541 2339 nec
558 2290 588 2341 te
602 2291 656 2342 tua
671 2277 817 2364 plurima,
835 2278 967 2360 Panthu,

168 2376 345 2442 Labentem
359 2379 461 2462 pietas
475 2397 534 2441 nec
550 2375 707 2463 Apollinis
718 2377 925 2470 infulapexit.
1143 2385 1209 2443 430

171 2478 265 2544 Iliaci
279 2482 410 2559 cineres,
425 2492 456 2542 et
472 2479 597 2544 flamma
612 2479 755 2544 extrema
770 2501 921 2560 meorum,

168 2581 297 2661 Testor,
310 2585 341 2645 in
354 2601 468 2646 occasu
484 2595 599 2660 vestro,
615 2603 674 2646 nee
689 2580 752 2646 tela
767 2603 826 2646 nec
842 2580 923 2646 ullas

167 2683 333 2748 Vitavisse
346 2685 432 2748 vices
447 2682 614 2763 Danaum,
636 2697 676 2764 et,
691 2686 718 2748 si
734 2684 798 2748 lata
814 2684 944 2749 luissent

169 2783 216 2850 Ut
231 2783 388 2866 caderem,
403 2787 555 2877 meruisse
565 2807 670 2850 manu.
715 2785 908 2851 Divellimur
921 2786 1006 2868 inde,

163 2887 290 2976 iphitus
305 2901 337 2952 et
351 2887 455 2953 Pelias
470 2909 603 2968 mecum,
618 2909 748 2975 quorum
765 2888 885 2976 Iphitus
900 2909 968 2956 aevo
1148 2897 1209 2954 435

163 2995 245 3058 Jam
259 2995 393 3078 gravior,
409 2991 513 3057 Pelias
528 3003 559 3056 et
574 2991 703 3058 vulnere
719 2993 827 3058 tardus
843 2992 991 3081 Ulyssei:

165 3096 322 3160 Protenus
336 3093 377 3160 ad
392 3094 484 3159 sedes
501 3095 618 3158 Priami
633 3094 771 3160 clamore
786 3099 901 3161 vocati.

161 3197 237 3263 Hic
252 3195 328 3262 verti
342 3201 498 3284 ingentem
513 3217 658 3284 pugnam,
673 3219 732 3262 ceu
746 3211 862 3262 caetera
877 3218 1030 3284 nusquam

161 3299 261 3367 Bella
276 3301 388 3382 forent,
403 3299 480 3367 nulli
495 3300 560 3364 totti
574 3315 770 3367 morerentur
784 3306 816 3366 in
831 3301 931 3365 urbe:

160 3405 224 3470 Sic
241 3403 377 3468 Martem
386 3403 586 3483 indomitum,
594 3402 795 3491 Danaosque
810 3401 850 3468 ad
865 3415 949 3467 tecta
964 3413 1088 3468 ruentes
1145 3407 1208 3464 440

157 3507 343 3586 Cernimus,
358 3506 582 3592 obsessumque
594 3502 669 3571 'acta
683 3506 839 3572 testudine
854 3506 961 3570 limen.

157 3611 305 3676 Haerent
318 3609 493 3696 parietibus
507 3577 611 3690 scald,
625 3623 792 3696 postesque
807 3579 866 3674 suh
881 3613 966 3694 ipsos

159 3712 200 3779 N
201 3714 320 3775 ituntur
333 3709 507 3798 gradibus3
528 3710 723 3798 clypeosque
740 3710 781 3776 ad
795 3709 859 3775 tela
873 3711 1007 3775 sinistris

156 3817 307 3882 Protecti
321 3815 495 3902 objiciunt3
517 3829 667 3902 prensant
681 3817 807 3902 fastigia
821 3813 952 3880 dextris.

151 3913 486 3984 Dardanide-contri
501 3931 604 3993 turres
619 3939 657 3982 ac
672 3930 755 3981 tecta
769 3916 933 3981 domorum
1146 3923 1211 3986 445

153 4015 316 4087 Culmina
331 4017 532 4099 convellunt,
555 4018 604 4083 his
619 4041 662 4100 se,
678 4017 804 4105 quando
818 4016 927 4082 ultima
939 4029 1081 4098 cernunt,

153 4121 321 4192 Extremi
331 4123 397 4209 jam
412 4125 445 4186 in
460 4133 559 4188 morte
574 4136 687 4209 parant
701 4120 870 4188 defendere
885 4119 970 4186 telis:

478 4230 515 4286 18
