2890 5002
571 413 686 473 LIBER
706 413 755 473 lll.

166 577 350 646 Moerentem
369 571 538 660 abjungens
554 565 686 637 fraterni
697 586 795 637 morte
805 570 984 659 juvenemn,

171 686 273 768 Atque
288 700 385 766 opere
401 679 431 742 iu
449 679 552 741 medio
567 679 670 742 defixa
682 678 823 762 relinquit
839 695 949 743 aratra.

216 788 419 854 Nonumbrae
437 786 565 849 altorum
579 807 750 865 nemorum,
766 807 825 850 non
841 787 943 850 mollia
959 802 1084 872 possunt
1145 791 1210 852 520

172 895 264 961 Prata
281 915 408 958 movere
425 892 572 969 animum,
590 914 650 956 non
667 893 719 976 qui
735 915 882 978 perssaxa
896 895 1017 960 volutus

173 1001 283 1068 Purior
299 1005 415 1068 electro
427 1023 571 1087 eampum
588 1003 665 1088 petit
680 1004 798 1066 amnis:
823 1019 853 1067 at
868 1005 929 1069 ima

177 1115 342 1197 Solvuntur
357 1118 463 1194 latera,
481 1129 572 1199 atque
588 1115 696 1178 oculos
711 1130 816 1200 stupor
832 1129 920 1200 urget
933 1117 1056 1198 inerteS,

175 1221 228 1285 Ad
244 1237 415 1306 terramque
432 1221 496 1284 fluit
513 1221 634 1284 devexo
650 1220 788 1304 pondere
805 1222 922 1284 cervix.

178 1325 264 1402 Quid
281 1328 364 1391 labor
379 1342 430 1390 aut
446 1325 606 1390 benefacta
619 1324 752 1412 juvant?
777 1326 848 1410 quid
866 1348 990 1391 vomere
1007 1343 1104 1396 terras
1149 1333 1211 1392 525

179 1433 337 1499 lnvertisse
355 1432 487 1518 graves?
511 1433 594 1517 atqui
610 1454 671 1496 non
687 1430 824 1497 Massica
841 1429 960 1498 Bacchi
1047 1515 1052 1528 .

153 1527 157 1534 ⁴
182 1539 320 1618 Munera,
336 1562 396 1604 non
413 1539 469 1603 illis
485 1523 732 1636 epulae-nocuere
750 1537 899 1624 repbstae:

181 1645 353 1711 Fraudibus
370 1660 400 1709 et
415 1647 495 1723 victu
512 1657 679 1730 pascuntur
695 1644 841 1730 simplicis
855 1644 979 1724 herbae;

181 1753 296 1818 Pocula
312 1767 382 1816 sunt
397 1750 496 1816 sontes
511 1751 627 1836 liquidi,
640 1767 731 1835 atque
748 1751 885 1814 exercita
900 1771 992 1813 cursu

178 1857 345 1936 Flumina3
367 1878 426 1920 nee
443 1878 564 1920 somnos
581 1857 733 1942 abrumpit
748 1877 821 1919 cura
839 1855 986 1920 salubres.
1151 1858 1214 1919 530

222 1962 382 2050 Tempore
397 1953 463 2026 non'
475 1951 533 2027 alio
551 1963 654 2027 dieunt
671 1963 844 2046 regionibus
859 1964 917 2026 illis

183 2067 331 2145 Quesitas
346 2068 385 2132 ad
403 2090 490 2131 sacra
507 2069 602 2131 boves
616 2067 757 2145 Junonis,
774 2081 804 2130 et
820 2068 882 2130 uris

183 2175 349 2260 lmparibus
366 2175 475 2239 ductos
490 2175 550 2238 alta
566 2175 604 2238 ad
621 2176 747 2239 donaria
763 2195 880 2238 currus.

157 2279 171 2303 ²
183 2280 264 2366 Ergo
279 2281 359 2366 aegre
376 2282 479 2345 rastris
494 2296 607 2345 terram
623 2271 781 2357 rimantur,
798 2294 829 2342 et
844 2281 916 2364 ipsis

184 2381 343 2470 Unguibus
358 2386 507 2451 infodiunt
524 2385 638 2470 fruges,
655 2399 834 2469 montesque
850 2407 906 2468 per
922 2385 998 2448 altos
1153 2390 1216 2451 535

181 2486 338 2588 §omenti
351 2493 472 2554 cervice
485 2491 608 2553 trahunt
624 2491 780 2553 stridentia
793 2489 937 2573 plaustra.

227 2593 297 2659 Non
314 2595 399 2682 lupus
415 2595 539 2660 insidias
551 2596 693 2680 explorat
704 2593 794 2658 ovilia
810 2595 938 2672 circum,

185 2700 254 2765 Nec
265 2703 406 2787 gregibus
422 2702 804 2780 nocturnusobarirbulat3
828 2702 926 2765 acrior
942 2701 1025 2766 illurn

180 2801 264 2869 Cura
280 2808 408 2871 domat:
431 2807 527 2870 timidi
544 2807 642 2869 darnae
659 2807 804 2890 cervique
819 2805 945 2890 fugaces

184 2909 278 2974 Nune
293 2913 430 2996 interque
448 2933 541 2975 canes
558 2927 588 2975 et
603 2913 719 2975 circum
737 2926 817 2975 tecta
833 2926 991 2997 vagantur.
1154 2920 1218 2996 540

183 3013 252 3078 Janr
268 3020 358 3081 maris
374 3018 515 3080 immensi
531 3016 647 3101 prolem
665 3033 694 3082 et
711 3039 807 3098 genus
822 3040 914 3082 omne
930 3019 1086 3084 natantitm

183 3117 301 3185 Littore
317 3124 345 3187 in
363 3137 515 3200 extremo,
531 3143 590 3184 ceu
607 3121 752 3206 naufraga
768 3145 908 3207 corpora,
925 3123 1035 3191 fluctus

181 3223 319 3291 Proluit:
342 3229 467 3292 insolita
485 3227 603 3312 lugiunt
618 3229 646 3291 in
663 3227 788 3292 flumina
804 3229 921 3312 phocas.

179 3329 286 3397 lnterit
302 3349 333 3398 et
348 3337 450 3399 curvis
466 3333 576 3398 frustra
592 3333 719 3398 defensa
731 3334 854 3397 latebris

177 3437 308 3523 Vipera,
320 3455 352 3504 et
365 3441 481 3506 attoniti
498 3441 633 3526 squamis
650 3440 836 3504 adstantibus
852 3441 955 3526 hydri.
1156 3451 1219 3511 545

177 3540 256 3629 Ipsis
273 3562 319 3610 est
335 3549 390 3612 adr
405 3549 512 3612 avibus
527 3569 587 3612 non
605 3568 719 3632 aequus,
736 3562 767 3611 et
782 3549 838 3612 illae

178 3649 361 3738 Praecipites
377 3653 439 3718 altri
454 3655 545 3722 vitam
562 3655 618 3719 sub
635 3655 716 3717 nube
733 3654 915 3739 relinquunt.

177 3755 336 3824 Praeterea
346 3760 413 3846 jam
429 3763 613 3825 nec-mutari
626 3760 738 3848 pabula
754 3760 858 3840 refert,

179 3861 388 3951 Quaesitaque
402 3882 514 3931 nocent
531 3881 633 3934 artes:
656 3867 780 3932 cessere
798 3869 942 3952 magistri,

176 3959 369 4054 Phillyrides
384 3971 514 4051 Chiron,
530 3975 816 4060 Amythaoniusque
833 3969 1020 4062 Melampus.
1156 3984 1219 4044 550

174 4073 276 4139 Saevit
291 4091 323 4140 et
338 4078 369 4140 in
386 4079 489 4143 lucem
508 4079 622 4164 Stygiis
637 4081 748 4144 emissa
766 4082 899 4145 tenebris

174 4180 303 4248 Pallida
318 4179 501 4271 Tisiphone,
519 4183 646 4251 Morbos
664 4186 724 4272 agit
740 4187 810 4252 ante
827 4187 1019 4278 Metumque,

493 4313 530 4370 ll
