2756 5010
520 423 637 486 aman
656 425 706 486 vn
930 499 933 510 ¹
1094 431 1153 490 aer

123 588 287 678 lugemuit3
305 583 535 670 Glaucumque,
550 583 772 670 Medontaque,
787 584 1099 674 Thersilochumque,

121 694 196 759 Tres
211 688 430 769 Antenoridas,
445 688 621 774 Cererique
635 711 759 778 sacrum
775 690 994 777 Polyphoeten,

120 796 293 880 ldaeumque
309 796 405 858 etiem
419 813 540 873 currus,
554 792 649 857 etiam
664 815 762 872 mma,
777 806 944 868 tenentem.
954 799 1028 892 Μ
1041 805 1073 886 )<
1094 785 1163 862 485’

122 899 327 964 Circumstant
341 896 453 962 unium
468 893 582 960 dextra
596 894 738 980 levaque
754 896 943 982 frequentes.

122 1003 185 1068 Nec
200 1002 315 1067 vidisse
330 999 426 1066 semel
441 1002 517 1066 satis
532 1014 598 1065 est:
617 1001 708 1087 juvat
723 1021 821 1086 usque
836 1003 962 1084 morari,

122 1107 159 1172 Et
172 1107 314 1172 conferre
328 1103 470 1193 gradum,
484 1117 516 1168 et
530 1102 677 1168 veniendi
689 1101 813 1170 discere
827 1125 950 1172 causas.

122 1215 159 1275 m
174 1211 316 1275 Danailm
331 1229 488 1295 proceres,
503 1209 822 1294 Agamemnoniaeque
836 1208 1016 1299 phalanges,

121 1313 162 1378 Ut
175 1313 284 1378 videre
301 1313 400 1376 virum
415 1309 626 1404 fulgentiaque
641 1331 729 1376 arma
743 1332 802 1397 per
815 1313 953 1394 umbras,
1095 1323 1157 1384 tau

123 1417 234 1503 Ingenti
249 1415 410 1503 trepidare
425 1426 536 1485 metue
551 1435 625 1500 pars
639 1427 763 1480 vertere
777 1428 876 1504 terga,

121 1518 184 1583 Ceu
198 1515 357 1604 quondam
370 1515 493 1603 petiere
507 1529 611 1582 rates:
633 1537 708 1602 pars
722 1517 832 1584 tollere
846 1541 957 1590 vocem

122 1621 270 1708 Exiguam
312 1620 453 1708 inceptus
466 1618 586 1684 clamor
600 1619 766 1686 frustratur
780 1621 912 1690 hiantes.

159 1728 261 1812 Atque
276 1641 330 1790 tlte
346 1723 526 1790 Priamiden
540 1722 688 1788 laniatum
703 1744 835 1811 corpore
851 1740 914 1793 toto

120 1825 318 1914 Deiphobum
331 1827 420 1908 vidit,
435 1826 572 1892 lacerum
587 1825 757 1894 crudeliter
770 1852 836 1911 ora,
944 1873 950 1884 -
1094 1845 1155 1902 495

122 1929 190 2010 Ora,
204 1952 376 2017 manusque
390 1929 512 2009 ambas,
526 1929 736 2015 populataque
752 1945 893 2019 tempora
907 1939 1004 2022 raptis

121 2035 260 2116 lumbus,
275 2047 306 2099 et
321 2048 446 2100 truncas
461 2033 624 2100 inhonesto
638 2033 766 2100 vulnere
781 2057 883 2102 nares.

122 2134 182 2199 Vix
194 2135 279 2202 adeo
293 2139 420 2224 agrrovit
434 2137 634 2221 pavitantem,
649 2149 680 2202 et
694 2137 764 2203 dira
779 2151 934 2226 tegentem

123 2237 297 2324 Supplicia,
319 2250 350 2302 et
364 2240 445 2303 notis
459 2237 627 2323 compellat
641 2239 772 2304 vocibus
787 2240 889 2306 ultroz
1009 2263 1011 2268 ·

121 2337 286 2427 Deiphobe
300 2341 501 2426 armipotens,
514 2361 612 2426 genus
628 2338 691 2404 alto
707 2361 727 2404 a
741 2343 889 2428 sanguine
904 2343 1032 2426 Teucri,
1095 2355 1157 2413 ⁵00

122 2439 190 2523 Quis
203 2458 270 2508 tam
285 2442 430 2508 crudeles
443 2442 564 2527 optavit
577 2463 697 2506 sumere
712 2447 845 2527 peenas?

123 2543 177 2609 Cui
190 2545 312 2612 tantum
326 2545 367 2610 de
382 2559 412 2610 te
428 2545 538 2610 licuitl
561 2544 642 2608 Mihi
656 2545 740 2609 sama
758 2546 902 2631 supremis

122 2646 213 2714 Nocte
227 2649 310 2729 tulit,
325 2649 440 2714 lessam
454 2645 545 2713 vasta
559 2660 590 2712 te
605 2646 694 2712 caede
711 2647 874 2735 Pelasgdm

124 2749 327 2819 Procubuisse
342 2773 436 2839 super
450 2751 588 2816 coniusae
603 2752 716 2838 stragis
730 2772 890 2818 acervum.
1010 2797 1016 2808 -

118 2853 203 2922 Turne
218 2870 345 2944 egomet
358 2855 508 2922 tumulum
524 2854 662 2920 Rhoeteo
677 2856 707 2920 in
722 2854 827 2922 littore
841 2857 966 2924 inanem
1097 2873 1158 2931 505

122 2956 279 3041 Constitui,
295 2971 327 3023 et
340 2958 452 3046 magud
467 2958 579 3030 Manes
593 2971 642 3024 ter
655 2979 735 3023 voce
749 2961 871 3026 vocavi.

122 3059 234 3130 Nomen
249 3075 284 3130 et
299 3084 388 3128 arma
402 3062 506 3126 locum
521 3076 658 3128 servant.
702 3063 760 3143 Te,
775 3069 886 3146 amice,
901 3069 1029 3153 nequivi

123 3161 320 3252 conspicere,
335 3178 366 3230 et
380 3164 483 3251 patria
497 3164 655 3230 decedens
675 3187 791 3252 ponere
806 3169 901 3234 terri.

122 3269 166 3332 Ad
181 3292 248 3356 quae
265 3272 338 3336 haec
354 3268 546 3334 Priamides:
568 3268 656 3333 Nihil
671 3291 690 3332 ο
705 3269 773 3349 tibi,
787 3273 899 3351 amice,
913 3274 1072 3358 relictum
1126 3289 1134 3296 '

120 3370 227 3440 Omnia
241 3373 418 3462 Deiphobe
431 3373 551 3438 solvisti
566 3373 727 3439 etiuneris
741 3374 879 3438 umbris:
1089 3391 1158 3456 Ιοιο

122 3475 178 3540 Sed
191 3501 240 3544 me
255 3481 324 3546 lata
339 3499 410 3544 mea
425 3491 456 3542 et
470 3477 572 3542 scelus
587 3477 712 3542 exitiale
727 3475 874 3542 Lacaenae

122 3577 178 3644 His
192 3583 335 3649 mersere
350 3581 460 3663 malis3
482 3579 536 3646 illa
552 3581 620 3646 haec
635 3595 834 3646 monumenta
849 3581 985 3667 reliquit.

119 3679 257 3772 Namque
273 3700 308 3752 ut
323 3707 502 3772 supremam
512 3685 597 3760 ¹salsa
611 3685 691 3750 iuter
704 3681 820 3770 gaudia
833 3699 957 3752 nectem

122 3783 278 3873 Egerimus
293 3789 375 3854 ndsti
388 3801 450 3890 ,ket
464 3786 593 3854 nimium
608 3789 785 3852 meminisse
800 3809 931 3856 necesse
943 3791 1033 3918 amq<

118 3885 215 3970 Quum
230 3893 336 3958 fatalis
351 3915 450 3979 equus
465 3892 545 3960 saltu
560 3913 654 3977 super
669 3890 768 3956 ardua
783 3892 868 3956 venit
1095 3908 1157 3972 515

121 3987 277 4081 Pergama,
293 4011 326 4062 et
338 4010 493 4062 armatum
506 3995 646 4082 peditem
659 3995 765 4080 gravis
779 3994 881 4060 attulit
894 3995 966 4068 alvo
977 4025 989 4076 ςν

119 4091 181 4176 llla,
195 4099 331 4182 chorum,
342 4099 501 4180 simulans,
515 4112 646 4166 evantes
657 4100 752 4184 orgia·
759 4101 878 4166 circum
