2648 5288
506 836 621 897 LIBER
641 838 703 898 Vll.

98 993 202 1058 Celsa
215 990 300 1077 petit,
313 991 503 1077 tacitumque
517 991 640 1056 obsedit
654 993 745 1058 limen
761 997 901 1058 Amata:

102 1098 210 1178 Quam
223 1116 314 1180 super
328 1094 464 1159 adventu
480 1095 648 1176 Teucrtim,
663 1096 824 1181 Turnique
840 1097 1023 1184 hymenaeis,

106 1197 273 1263 Foemineae
288 1197 449 1262 ardentem
464 1217 609 1280 curaeque
624 1198 740 1281 iraeque
755 1200 943 1282 coquebant.
1073 1206 1134 1262 345

111 1300 195 1363 Huic
210 1299 266 1364 dea
280 1299 423 1364 caeruleis
436 1319 529 1363 unum
544 1299 584 1363 (le
598 1301 736 1363 crinibus
751 1321 882 1387 anguem

115 1401 250 1489 Conjicit,
263 1408 357 1489 inque
372 1405 470 1468 sinum
485 1404 660 1489 praecordia
675 1404 715 1468 ad
732 1405 838 1470 intima
853 1407 967 1487 subdit,

120 1503 181 1584 Quo
196 1507 357 1572 furibunda
371 1508 497 1572 domum
512 1521 648 1572 monstro
663 1509 848 1594 permisceat
862 1531 994 1574 omnem.

124 1605 168 1671 llle
180 1613 256 1675 inter
267 1627 369 1676 vestes
384 1624 415 1675 et
429 1612 510 1676 levia
525 1627 653 1698 pectora
668 1611 772 1697 lapsus

128 1708 252 1778 Volvitur
264 1728 379 1780 attactu
395 1715 488 1795 nullo,
502 1715 642 1800 fallitque
657 1716 817 1797 furentem,

132 1808 275 1898 vipeream
290 1819 443 1903 inspirans
458 1820 610 1882 animam:
634 1817 667 1881 fit
683 1818 784 1882 tortile
799 1818 880 1883 collo

136 1915 228 1981 lurum
240 1922 344 2005 ingens
358 1919 507 2000 coluber;
529 1921 562 1983 iit
577 1919 676 2007 longae
692 1922 783 1984 taenia
797 1923 891 2003 vittae,

138 2012 296 2108 innectitque
309 2045 425 2103 comas,
440 2038 470 2087 et
485 2025 633 2087 membris
648 2023 785 2088 lubricus
800 2037 894 2089 errat.

138 2117 172 2182 lc
183 2119 241 2188 dum
253 2126 353 2211 prima
368 2126 433 2189 lues
447 2125 511 2190 udo
527 2125 673 2212 sublapsa
688 2148 808 2190 veneno

139 2217 261 2292 Perteutat
274 2251 391 2309 sensus,
406 2242 498 2313 atque
513 2229 634 2292 ossibus
649 2229 786 2314 implicat
802 2232 913 2316 ignem,

139 2318 246 2395 Nedum
261 2335 381 2395 animus
397 2344 460 2395 toto
475 2331 614 2417 percepit
628 2344 756 2417 pectore
772 2331 936 2411 flammam,

140 2421 240 2512 llollilrs
253 2447 283 2498 et
296 2431 388 2498 solito
403 2448 534 2498 matrum
550 2433 591 2497 de
605 2455 701 2513 more,
716 2433 819 2498 locuta
834 2447 890 2513 est,

139 2528 215 2601 llulta'
222 2561 308 2624 super
323 2539 395 2604 natri
410 2538 598 2624 lacrymans,
615 2537 821 2624 Phrygiisque
837 2537 1028 2624 hymenaeis:

167 2634 352 2706 Enotbusne
366 2640 459 2705 datur
473 2640 616 2704 (lucenda
632 2640 764 2704 Lavinia
778 2641 920 2720 Teucris,

136 2730 284 2824 (lgeuitort
305 2766 363 2809 nec
379 2757 408 2808 te
424 2748 548 2808 miseret
562 2758 715 2826 nataeque,
729 2745 857 2827 tuique?

138 2828 184 2901 Nec
195 2850 289 2909 matris
305 2848 439 2925 miseret,
454 2867 546 2929 quam
562 2848 663 2929 primo
679 2843 823 2928 aquilone
838 2843 992 2930 relinquet

138 2930 251 3027 Perfidus,
266 2949 330 3013 alta
344 2961 452 3034 petens
468 2947 603 3011 abductis
619 2947 747 3033 virgine,
763 2948 893 3033 praedot

136 3038 166 3102 ll
176 3067 221 3114 nou
234 3053 275 3115 sic
292 3051 447 3138 Phrygius
461 3065 602 3136 penetrat
618 3050 846 3116 Lacedaemona
862 3067 975 3138 pastor,

136 3136 311 3241 ledeamque
328 3155 485 3219 Helenam
500 3155 656 3240 Trojanas
670 3156 756 3218 vexit
770 3154 810 3218 ad
827 3157 944 3220 urbest

134 3241 195 3325 llll
207 3272 251 3323 tua
265 3271 374 3323 sancta
389 3257 475 3333 fides,
490 3256 563 3340 quid
579 3278 654 3320 cura
669 3261 797 3342 antiqua
812 3272 943 3339 tuorum,

135 3342 164 3412 Εῑ
173 3361 383 3446 consanguineo
398 3362 488 3422 toties
502 3357 578 3421 data
593 3357 722 3421 dextera
737 3359 865 3423 Turno?

134 3448 244 3543 sigeber
258 3462 388 3528 externa
403 3465 518 3547 petitur
532 3460 572 3524 de
586 3474 677 3545 gente
693 3462 823 3543 Latinis,

135 3549 206 3645 lique
217 3568 312 3647 sedet,
328 3566 487 3650 Faunique
502 3578 645 3649 premunt
660 3577 690 3627 te
701 3567 788 3650 jussa
802 3568 957 3650 parentis3

132 3653 232 3736 omnem
245 3669 392 3757 equidem
407 3668 538 3754 sceptris
553 3682 667 3731 terram
683 3689 751 3751 quae
767 3666 868 3731 libera
882 3670 994 3734 nostris

132 3753 240 3841 Dissidet
254 3789 417 3840 externam
432 3794 513 3852 reor,
527 3786 557 3835 et
572 3773 616 3835 sic
632 3771 738 3835 dicere
752 3770 850 3834 divos.

132 3856 272 3958 Fdiurno,
287 3880 313 3942 si
327 3878 429 3963 prima
443 3874 555 3938 domiis
569 3886 727 3959 repetatur
741 3875 838 3958 origo,
1013 3951 1016 3956 ⁸

133 3960 235 4051 ltrchtu
248 3981 450 4064 Acrisiusque
464 3992 580 4064 patres,
596 3976 767 4059 mediaeque
784 3976 940 4060 Mycenae.
974 3986 977 3991 '

163 4075 210 4146 llis
221 4084 273 4148 ubi
288 4080 500 4167 nequidquam
515 4079 606 4143 dictis
621 4090 750 4164 experta
766 4077 912 4140 Latinum

134 4169 222 4249 Cura
234 4201 316 4253 stare
332 4186 428 4266 videt,
442 4181 627 4270 penitusque
642 4181 806 4245 inviscera
821 4179 940 4265 lapsum

133 4273 261 4372 &nentis
274 4290 387 4355 furiale
401 4288 526 4367 malum,
541 4300 697 4370 totamque
712 4298 874 4370 pererrat3

133 4374 192 4456 Tum
205 4392 275 4459 verti
289 4394 408 4472 infelix,
423 4392 599 4479 ingentibus
614 4390 717 4453 excita
732 4393 886 4467 monstris,

136 4480 287 4563 lft'nensam
301 4498 369 4563 sine
382 4519 469 4569 more
484 4496 557 4560 furit
573 4493 736 4580 lymphata
750 4515 807 4577 per
822 4493 951 4557 urbem:
