2792 4998
224 479 284 534 374
665 465 858 529 alumnos
928 459 931 464 '

266 627 399 693 Talibus
408 629 542 691 incensa
556 638 602 689 est
612 627 762 713 juvenum
777 625 930 689 sententia
942 622 1033 688 dictis

268 733 341 796 Jam
355 734 454 818 magis
469 745 562 814 atque
578 731 696 816 magis;
717 733 877 816 serpitque
892 751 950 815 per
965 733 1089 816 agmina
1103 751 1237 795 murmur.

269 837 332 922 lpsi
347 837 522 901 Laurentes
537 836 654 916 mutati,
669 835 791 920 ipsique
807 835 913 900 Latini
929 855 938 896 ι
1226 841 1274 900 att

267 940 330 1021 Qui
345 939 404 1002 sibi
414 941 480 1026 jam
496 941 637 1024 requiem
651 958 762 1023 pugnae
778 938 936 1024 rebusque
950 937 1083 1004 salutem

269 1043 456 1128 Sperabam,
472 1063 552 1106 nunc
568 1061 655 1104 arma
670 1040 785 1122 volunt,
800 1039 963 1127 soedusque
978 1055 1147 1128 precantur

270 1145 431 1226 Infectum,
446 1155 477 1208 ct
491 1143 590 1207 Turni
605 1155 719 1207 sortem
734 1144 919 1207 miserantur
933 1143 1084 1230 iniquam.

313 1249 375 1313 His
390 1247 475 1312 aliud
489 1249 589 1334 majus
602 1247 734 1311 Jnturna
749 1245 898 1334 adjungit,
913 1259 943 1310 et
959 1247 1022 1311 alto

270 1351 337 1416 Dat
351 1350 587 1438 signumcoe103
610 1371 671 1434 quo
687 1341 947 1435 nonpraesentius
961 1348 1058 1414 ullum
1233 1349 1279 1408 att

269 1455 424 1520 Turbavit
438 1466 557 1518 mentes
573 1451 676 1534 Italas,
691 1465 888 1536 monstroque
904 1451 1023 1518 fefellit.

271 1559 415 1642 Namque
430 1555 539 1620 volans
554 1555 651 1619 rubra
665 1555 767 1619 fulvus
781 1557 872 1620 Jovis
887 1555 952 1621 ales
967 1557 997 1621 in
1013 1555 1113 1622 ethra

271 1653 429 1725 Littoreas'
445 1659 584 1744 agitabat
599 1680 682 1739 aves,
699 1661 883 1745 turbamque
899 1673 1060 1726 sonantem

271 1765 410 1851 Agminis
425 1762 532 1848 aligeri
545 1788 553 1841 3
576 1761 679 1825 subito
694 1785 788 1847 quum
804 1763 908 1849 lapsus
923 1763 964 1829 ad
980 1763 1081 1829 undas
1362 1831 1363 1842 ,

267 1867 418 1954 Cycnum
434 1863 639 1930 excellentem
654 1865 788 1950 pedibus
802 1871 886 1951 rapit
901 1867 1060 1952 improbus
1074 1869 1172 1934 uncis.
1234 1868 1284 1926 ato
1362 1911 1363 1948 3

271 1970 432 2038 Arrexare
448 1970 565 2034 animos
582 1967 670 2048 ltali3
692 1982 874 2055 cunctaque
889 1970 1033 2035 volucres

270 2077 466 2139 Convertunt
481 2071 619 2135 elamore
634 2072 739 2158 fugam
754 2069 920 2149 (mirabile
936 2076 1022 2158 visu)

271 2179 467 2263 AEtheraque
484 2177 651 2239 obscurant
666 2179 785 2261 pennis,
801 2175 983 2261 hostemque
998 2199 1056 2262 per
1072 2199 1163 2242 auras

272 2282 370 2347 Facti
385 2281 468 2345 nube
484 2291 646 2365 premunt3
668 2276 768 2341 donec
783 2278 814 2340 vi
829 2279 928 2342 vietus
943 2292 974 2342 et
988 2282 1057 2364 ipso
1362 2361 1363 2366 ἵ

268 2385 415 2450 ¹Pondere
431 2383 556 2462 deiecit,
570 2379 772 2466 praedamque
787 2403 828 2445 ex
844 2382 995 2468 unguibus
1011 2383 1076 2446 ales
1237 2383 1284 2441 2⁵⁵
1362 2423 1363 2472 q

273 2489 412 2575 Projccit
426 2487 529 2565 fluvio,
544 2481 728 2569 penitusque
743 2483 775 2548 in
790 2483 897 2547 nubila
913 2485 1001 2571 fugit.
1362 2531 1363 2570 q

1362 2637 1363 2674 l

272 2593 356 2656 Tum
366 2588 446 2655 'verb
462 2592 625 2676 augurium
641 2587 747 2650 Rutuli
761 2585 899 2650 clamore
914 2587 1058 2667 salutant,
1153 2579 1160 2593 ⁹

163 2678 164 2688 ἵ
274 2694 517 2780 Expediuntque
533 2713 664 2770 manus3
686 2693 866 2776 primusque
880 2689 1063 2758 Tolumnius
1077 2713 1185 2779 augur,

275 2801 350 2864 Hoc
366 2809 443 2876 erat,
458 2796 517 2860 hoc
533 2794 622 2872 votis,
637 2794 745 2876 inquit,
761 2793 844 2879 quod
860 2793 944 2879 saepb
960 2795 1075 2879 petivi:
1362 2873 1363 2876 Ἴ

275 2903 419 2984 Accipio,
434 2917 631 2983 agnoscoque
647 2895 734 2959 deos.
780 2897 843 2976 Me,
858 2919 908 2960 me
924 2896 1015 2977 duce,
1030 2897 1151 2962 serrum
1243 2896 1290 2954 960
1362 2945 1363 2981 Ξ

272 3001 443 3086 Corripite,
458 3022 477 3063 o
491 3000 608 3077 miseri,
624 3019 701 3083 quos
716 2999 877 3084 improbus
892 2997 1015 3064 advena
1030 2999 1118 3064 bello

269 3104 413 3169 ‘l'erritat
427 3099 582 3166 invalidas
597 3113 630 3164 ut
645 3123 719 3165 aves
735 3129 743 3182 3
766 3116 796 3166 et
812 3102 916 3168 littora
931 3117 1035 3168 vestra

277 3208 320 3271 Vi
333 3203 481 3292 populat:
504 3215 589 3288 petet
604 3201 655 3266 ille
668 3205 784 3290 lugam,
799 3203 982 3291 penitusque
997 3205 1157 3292 profundo

274 3306 361 3373 Vela
375 3306 482 3370 dabit:
506 3327 561 3370 vos
576 3307 712 3371 unanimi
726 3306 855 3373 densata
870 3323 1025 3390 catervas,

270 3414 317 3478 ¹Et
330 3433 436 3498 regem
451 3411 541 3474 vobis
557 3408 660 3496 pugni
674 3408 832 3476 defendite
846 3425 1025 3498 raptum}
1248 3413 1298 3472 965
1362 3451 1363 3462 1

275 3509 378 3596 Dixit,
392 3527 423 3577 et
438 3513 588 3578 adversos
603 3513 697 3578 telum
712 3517 862 3579 contorsit
876 3518 908 3579 in
924 3515 1028 3579 hostes

278 3619 488 3695 Procurrens3
510 3616 641 3680 sonitum
653 3615 710 3679 dat
724 3615 856 3681 stridula
870 3639 993 3700 cornus,
1006 3630 1039 3682 et
1054 3639 1152 3684 auras

275 3723 375 3787 Certa
390 3734 476 3785 secat
491 3744 499 3783 ε
522 3717 611 3784 simul
627 3719 697 3800 boc,
711 3719 801 3785 simul
816 3722 922 3808 ingens
937 3721 1066 3804 clamor,
1081 3737 1115 3788 et
1130 3744 1236 3790 omnes

263 3825 411 3890 ·'l'urbati
426 3823 526 3904 cunei,
541 3821 756 3909 calefactaque
769 3823 869 3888 corda
884 3825 1025 3890 tumultu.

275 3931 380 3995 Hasta
396 3927 513 4006 volans,
528 3940 561 3989 ut
575 3927 655 3991 forti
670 3949 781 3991 novem
796 3927 1008 4013 pulcherrima
1023 3929 1159 4000 fratrum
1252 3927 1303 3989 270

270 4032 420 4117 Corpora
434 4033 636 4095 constiterant
650 4030 769 4112 contra,
784 4052 861 4116 quos
876 4031 939 4097 fida
954 4031 1077 4097 crearat

273 4133 349 4199 Una
363 4148 407 4200 tot
420 4133 560 4200 Arcadio
575 4135 691 4221 conjux
705 4133 875 4220 Tyrrhena
889 4134 1030 4222 Gylippo
1039 4161 1054 4214 ,ς
