2890 5002
688 177 734 192 Ἢ

234 461 290 558 ihi
674 456 862 520 ENEIDOS

271 611 410 699 Diriguit
424 615 493 676 visu
506 613 540 676 in
554 609 677 693 medi03
698 611 787 678 calor
801 635 872 680 ossa
886 610 1034 700 reliquit;

271 715 426 795 Labitur3
448 729 479 780 et
493 714 584 802 longo
598 719 654 780 vix
668 715 794 780 tandem
808 730 949 802 tempore
964 717 1064 782 latur:

252 846 258 854 ·
271 817 401 886 Verane
416 831 446 882 te
462 818 569 896 iacies,
583 839 675 901 uerus
690 817 768 882 mihi
782 821 906 883 nuntius
923 815 1025 900 affers,
1142 881 1147 888 ,
1244 829 1310 889 tto

271 921 353 987 Nate
368 920 451 986 dett
471 923 615 986 vivisne?
637 934 699 1001 aut,
714 923 741 984 si
756 919 810 984 lux
825 920 908 986 alma
921 922 1062 1001 recessit,
1137 983 1142 992 ‚

271 1025 395 1090 Hector
409 1025 464 1088 ubi
479 1027 545 1088 esti
587 1022 688 1102 Dixit,
703 1021 923 1108 lacrymasque
938 1021 1057 1102 effudit,
1070 1033 1104 1088 et
1117 1043 1240 1090 omnem

270 1124 415 1212 Implevit
428 1125 567 1192 clamore
583 1124 697 1189 locum.
741 1123 807 1188 Vix
822 1145 925 1209 pauca
939 1125 1055 1190 furenti

272 1230 422 1317 subjicio,
437 1243 468 1293 et
482 1231 563 1294 raris
578 1227 720 1291 turbatus
734 1227 865 1290 vocibus
881 1225 989 1292 hisco:

269 1331 356 1398 Vivo
370 1330 526 1416 equidem,
541 1332 699 1414 vitamque
714 1341 854 1394 extrema
867 1351 926 1414 per
941 1332 1046 1396 omnia
1059 1329 1173 1398 ducos
1241 1343 1305 1402 ³15

269 1435 319 1500 Ne
334 1435 462 1513 dubita;
483 1454 556 1499 nam
571 1453 647 1497 vera
661 1430 761 1496 vides.

269 1537 362 1602 Heu!
385 1539 455 1621 quis
468 1548 500 1599 te
514 1555 606 1598 casus
620 1533 775 1621 dejectam
790 1535 921 1622 conjuge
936 1547 1021 1600 tanto

204 1711 209 1722 ‚
269 1637 420 1722 Excipit?
441 1651 494 1701 aut
509 1657 578 1723 quae
593 1635 688 1723 digna
703 1638 778 1702 satis
792 1637 916 1702 fortuna
930 1641 1059 1704 revisitl

268 1739 429 1819 Hectoris,
443 1738 675 1819 Andromache,
691 1737 839 1824 Pyrrhin’
853 1740 1012 1804 connubia
1025 1745 1153 1806 servasi

267 1841 393 1930 Dejecit
407 1841 534 1922 vultum,
549 1857 580 1906 et
594 1841 729 1908 demissa
743 1863 820 1906 voce
836 1840 940 1906 locuta
955 1855 1021 1908 est:
1036 1873 1044 1914 ι
1238 1851 1305 1909 ³20

266 1943 297 2010 O
311 1944 389 2009 selix
402 1967 464 2011 una
478 1959 551 2010 ante
565 1945 643 2011 alias
659 1946 817 2011 Priameia
831 1949 931 2032 virgo,

266 2047 424 2113 Hostilem
438 2049 480 2112 ad
495 2048 652 2128 tumulum,
666 2048 772 2135 Trojae
786 2048 845 2112 sub
860 2047 1014 2114 monibus
1028 2047 1108 2131 altis,

264 2149 360 2214 Jussa
374 2153 462 2230 mori,
477 2171 546 2235 quaa
561 2154 687 2215 sortitus
701 2171 762 2215 non
776 2151 904 2240 pertulit
918 2150 1008 2234 ullos,

266 2251 335 2319 Nec
350 2257 478 2318 victoris
493 2253 563 2316 heri
577 2256 678 2340 tetigit
691 2257 819 2340 captiva
834 2253 956 2319 cubile!

265 2355 341 2438 Nos,
355 2355 457 2443 patriai
472 2356 609 2438 incensa,
624 2356 751 2422 diversa
765 2379 822 2442 per
837 2379 965 2443 aequora
980 2373 1089 2442 vecte,
1234 2370 1303 2429 325

264 2459 377 2544 Stirpis
392 2457 545 2524 Achilleae
560 2459 667 2538 fastus,
681 2460 890 2545 juvenemque
905 2461 1084 2546 superbum,

264 2561 400 2626 Servitio
414 2563 527 2641 enixae,
541 2559 687 2640 tulimus3
708 2565 762 2645 qui
777 2559 902 2642 deinde,
917 2576 1041 2628 secutus

262 2665 413 2731 Ledaeam
428 2665 635 2732 Hermionam
650 2663 972 2751 Lacedaemoniosque
987 2666 1180 2753 hymeneos,

263 2767 317 2835 Me
332 2768 447 2834 lamulo
462 2767 671 2854 famulamque
687 2767 813 2834 Heleno
827 2773 996 2836 transmisit
1010 2769 1203 2840 habendam.

261 2873 319 2936 Ast
333 2871 430 2947 illum,
445 2883 561 2952 ereptae
577 2891 689 2956 magno
704 2867 911 2938 inflammatus
926 2893 1033 2940 amore
1234 2886 1301 2944 ³30

261 2971 422 3058 conjugis,
437 2980 468 3031 et
481 2968 635 3032 scelerum
650 2969 740 3034 iuriis
753 2974 896 3057 agitatus,
910 2974 1039 3042 Orestes

261 3070 389 3156 Excipit
403 3072 572 3148 incautum,
586 3071 767 3157 patriasque
781 3072 949 3141 obtruncat
962 3076 1004 3143 ad
1020 3099 1102 3144 aras.

261 3172 364 3240 Morte
380 3169 578 3256 Neoptolemi
592 3194 759 3260 regnorum
773 3176 899 3244 reddita
913 3186 1008 3248 cessit

261 3275 338 3358 Pars
354 3273 489 3355 Heleno,
504 3279 558 3360 qui
573 3275 732 3343 Chaonios
747 3285 930 3368 cognomine
945 3307 1082 3373 campos,

260 3378 500 3463 Chaoniamque
514 3399 637 3444 omnem
652 3380 791 3468 Trojano
805 3406 825 3448 a
839 3384 972 3453 Chaone
987 3389 1088 3471 dixit3
1234 3403 1301 3464 335

261 3483 486 3570 Pergamaque,
500 3481 690 3568 iliacamque
701 3486 785 3572 jugis
800 3487 882 3552 hanc
898 3489 1022 3559 addidit
1036 3513 1172 3584 arcem}

191 3629 199 3645 .
260 3585 324 3652 Sed
339 3588 398 3652 tibi
413 3589 467 3671 qui
481 3607 607 3674 cursum
620 3590 716 3668 venti,
731 3610 800 3678 quae
816 3591 881 3656 lata
895 3591 1039 3660 deddrei

259 3692 323 3755 Aut
337 3693 478 3775 quisnam
494 3691 636 3776 ignarum
649 3693 763 3756 nostris
778 3691 856 3758 deus
871 3694 992 3780 appulit
1006 3700 1093 3764 orisi
1206 3749 1212 3756 .

259 3792 344 3877 Quid
381 3814 437 3857 uer
452 3795 628 3858 Ascanius?
649 3807 825 3880 superatne,
839 3810 872 3862 et
884 3803 1023 3866 vescitur
1037 3801 1134 3868 auri?

259 3815 433 3982 widh,
443 3895 511 3983 jam
526 3896 633 3982 Troja.
645 3940 656 3962 .
669 3939 701 3960 ..
1231 3919 1300 3978 340

260 3998 371 4084 Ecqua
385 4009 488 4062 tamen
503 4019 600 4083 puero
616 4012 663 4064 est
677 4001 798 4065 amisse
813 4020 891 4066 cura
904 4008 1068 4089 parentis?

260 4097 384 4189 Ecquid
399 4101 431 4166 in
446 4103 606 4185 antiquam
620 4103 765 4170 virtutem
780 4107 962 4193 animosque
976 4107 1082 4176 viriles
