2928 5002
568 427 710 489 GEORG.
742 431 813 491 LlB.
835 432 884 490 lll.

218 580 326 667 Atque
344 577 396 642 hic
412 577 579 645 undantem
594 581 675 645 bello
689 584 894 670 magnumque
910 583 1063 650 fluentem-

221 685 345 763 Nilum,
360 706 397 750 ac
414 685 515 749 navali
531 701 688 772 surgentes
704 709 762 752 ere
778 689 946 754 columnas.

224 791 352 856 Addam
369 793 462 856 urbes
478 792 559 857 Asia
576 795 716 872 domitas,
732 795 914 880 pulsumque
930 795 1097 882 Niphaten,

224 895 457 982 fidentemque
473 895 546 980 lugd
561 897 709 962 Parthum
726 901 881 984 versisque
897 901 1022 986 sagittis,

223 999 272 1067 Et
288 1002 350 1065 duo
365 1017 451 1086 rapta
466 1023 558 1067 manu
575 1004 697 1068 diverso
714 1026 754 1069 ex
769 1006 856 1070 hoste
872 1007 1016 1093 trophea,

226 1105 350 1190 Bisque
365 1108 562 1192 triumphatas
577 1123 706 1192 utroque
723 1111 761 1174 ab
777 1109 876 1174 littore
892 1125 1009 1194 gentes,

227 1207 363 1276 Stabunt
376 1226 406 1290 et
420 1211 503 1277 Parii
519 1214 651 1300 lapides,
662 1215 805 1300 spirantia
822 1218 916 1302 signa,

227 1316 372 1382 Assaraci
388 1319 500 1404 proles,
518 1321 718 1404 demissaeque
734 1323 772 1386 ab
787 1321 865 1386 Jove
881 1324 979 1407 gentis

226 1419 372 1500 Nomina,
388 1421 531 1508 Trosque
547 1444 668 1508 parens,
685 1440 716 1490 et
729 1426 833 1512 Troje
849 1424 1001 1511 Cynthius
1016 1441 1131 1493 auctor·

223 1525 343 1594 Invidia
358 1528 464 1594 infelix
481 1529 591 1594 Furias
606 1553 790 1618 amnemque
806 1550 948 1597 severum

222 1630 338 1718 Cocyti
354 1646 482 1711 metuet,
496 1647 652 1720 tortosque
667 1633 782 1700 Ixionis
798 1657 912 1720 angues
1135 1717 1138 1728 ι

221 1721 457 1825 Immanemque
473 1755 581 1819 rotam,
599 1754 631 1805 et
645 1761 704 1804 non
721 1741 934 1826 exsuperabile
950 1763 1084 1807 suumn

268 1843 390 1910 Interea
406 1845 569 1929 Dryadum
586 1845 675 1910 silvas
691 1847 846 1933 saltusque
862 1868 1025 1933 sequamur

223 1949 379 2029 Intactos3
403 1966 465 2028 tua,
479 1949 644 2029 Mecenes,
662 1951 743 2015 haud
759 1954 860 2018 moilla
871 1954 969 2038 jussa.

224 2051 277 2118 Te
293 2057 358 2119 sine
373 2055 416 2120 nil
431 2055 525 2119 altum
538 2077 626 2120 mens
640 2057 773 2122 inchoat.
818 2055 869 2121 En
886 2081 954 2143 age,
971 2049 1080 2144 segnes

224 2157 350 2244 Rumpe
365 2181 487 2239 moras3
510 2175 600 2224 vocat
614 2161 726 2246 ingenti
742 2163 876 2226 clamore
893 2160 1058 2243 Citheron,

221 2261 419 2350 Taygetique
435 2285 539 2343 canes,
555 2267 759 2351 domitrixque
777 2266 954 2351 Epidaurus
970 2289 1118 2354 equorum
1131 2291 1142 2349 ς

221 2369 269 2434 Et
282 2393 343 2434 vox
358 2391 482 2435 assensu
498 2391 658 2434 nemorum
674 2372 856 2456 ingeminata
872 2375 1013 2458 remugit.

225 2475 306 2540 Mox
321 2491 420 2540 tamen
435 2478 579 2542 ardentes
593 2478 737 2558 accingar
752 2477 855 2540 dicere
871 2497 990 2561 pugnas

225 2578 370 2658 Cesaris,
386 2595 416 2645 et
430 2603 542 2647 nomen
558 2581 641 2658 sami
656 2595 700 2646 tot
715 2581 796 2646 serre
811 2601 866 2668 per
883 2603 978 2647 annos

222 2685 349 2753 'Iithoni
363 2689 462 2773 primis
478 2701 552 2774 quot
566 2690 653 2753 abest
667 2689 705 2753 ab
721 2691 837 2774 origine
853 2687 972 2754 Cesar.

267 2795 332 2859 Seu
348 2799 428 2880 quis,
444 2797 633 2882 Olympiaca
650 2797 775 2860 miratus
790 2797 913 2881 premia
930 2796 1047 2882 palmae,

216 2899 327 2966 Pascit
342 2923 449 2988 equos,
466 2903 604 2988 seutquis
619 2902 713 2966 sortes
728 2903 767 2967 ad
783 2917 880 2968 aratra
892 2903 1053 2989 juvencos,

221 3005 364 3093 Corpora
379 3007 534 3094 precipue
551 3022 680 3072 matrum
696 3008 788 3092 legat.
812 3007 937 3093 Optima
953 3023 1043 3071 torve

221 3111 337 3178 Forma
354 3115 451 3191 bovis,
467 3114 517 3178 cui
532 3127 621 3198 turpe
636 3128 737 3198 caput,
750 3115 799 3176 cui
815 3113 944 3196 plurima
958 3113 1075 3191 cervix,

218 3217 266 3284 Et
280 3239 404 3283 crurum
420 3231 509 3282 tenus
524 3239 543 3282 a
557 3231 660 3282 mento
675 3217 809 3304 palearia
824 3218 981 3302 pendent3

217 3321 304 3386 Turn
320 3324 411 3407 longo
426 3323 526 3386 nullus
541 3323 627 3388 lateri
642 3322 771 3402 modus5
793 3323 895 3388 omnia
909 3343 1030 3407 magna,

217 3427 285 3492 Pes
299 3431 416 3508 etiam3
438 3443 470 3493 et
481 3429 613 3494 camuris
628 3431 714 3493 hirte
728 3430 784 3493 sub
800 3429 942 3493 cornibus
958 3447 1058 3493 aures.
1160 3489 1164 3502 ,
1207 3436 1247 3493 55

217 3533 292 3598 Nec
307 3535 380 3598 mihi
392 3534 552 3620 displiceat
566 3535 694 3600 maculis
710 3535 832 3619 insignis
847 3549 879 3598 et
893 3534 974 3611 albo,

215 3640 283 3702 Aut
291 3639 367 3724 juga
383 3641 566 3717 detrectans,
579 3642 792 3725 interdumque
809 3662 916 3728 aspera
931 3663 1038 3720 cornu,

217 3743 263 3808 Et
279 3746 389 3810 faciem
405 3761 494 3811 tauro
509 3749 654 3834 propiory
678 3769 805 3833 queque
821 3749 916 3813 ardua
932 3763 1004 3826 tota,

214 3849 261 3916 Et
275 3853 416 3938 gradiens
432 3850 495 3916 tmt
509 3855 600 3918 verrit
613 3854 739 3937 vestigia
755 3853 864 3918 caudis.

259 3959 349 4024 AEtas
365 3958 517 4025 Lucinam
529 3961 688 4044 justosque
704 3960 766 4044 pati
782 3961 962 4044 hymenaeos*
1018 4003 1021 4008 ι
1203 3964 1245 4027 60

210 4063 338 4128 Desinit
353 4079 422 4130 ante
440 4068 563 4145 decem,
578 4081 646 4152 post
662 4079 789 4150 quatuor
804 4066 918 4151 incipit,
935 4089 1050 4133 annos:

210 4167 339 4234 Cetera
353 4191 412 4236 nec
428 4171 544 4238 foetore
560 4172 678 4249 habilis,
694 4193 753 4237 nec
769 4171 854 4238 sortis
869 4177 983 4237 aratris.
1102 4191 1107 4202 ·
