2648 5288
554 106 671 168 LlBER
686 109 720 166 X.

67 318 70 329 .
147 260 253 328 Oratur
262 266 379 350 juveni,
395 284 508 347 meque
524 264 583 329 hoc
599 271 773 351 iteponere
789 273 901 349 sentis;

147 358 232 431 Tolle
245 368 313 455 iugis
328 367 479 447 Turnum,
493 380 588 453 atque
602 369 785 433 instantibus
801 371 888 455 eripe
902 371 990 435 satis:

145 460 298 535 Hactenus
312 469 476 533 indulsisse
486 484 589 535 vacat.
634 472 688 535 Sin
703 470 795 535 altior
807 472 874 535 istis
1107 479 1169 538 625

145 562 205 633 &ub
220 573 363 659 precibus
377 576 471 637 venia
484 572 549 637 ulla
563 573 647 654 latet,
661 586 819 659 totumque
833 576 951 640 moveri

65 718 67 725 -
141 662 292 739 llutarive
305 688 398 761 putas
414 674 549 756 bellum3
571 699 643 763 spes
656 679 761 761 pascis
775 678 894 742 inanes.

138 766 171 833 Et
186 776 272 843 Juno
285 776 526 863 adlacrymansz
548 780 632 860 Quid
647 781 683 859 si,
697 780 782 865 quud
796 802 874 844 voce
888 786 1041 867 gravaris,

135 868 243 945 Mente
255 881 367 959 dares3
388 892 482 963 atque
498 884 565 945 haec
582 883 690 946 Turno
704 896 774 947 rata
787 883 852 947 vita
867 890 1028 949 maneret?

131 970 226 1047 llunc
239 996 343 1047 manet
357 985 510 1047 insontem
523 988 630 1071 gravis
646 986 823 1081 exituskaut
838 1008 896 1072 ego
911 988 978 1051 veri
1106 994 1170 1053 630

130 1072 231 1151 Vana
243 1087 345 1151 feror:
367 1083 453 1169 quod
467 1099 535 1149 uto
548 1085 650 1171 potius
663 1072 829 1152 formidine
843 1086 924 1152 falsi

127 1174 261 1269 Ludar3
281 1152 359 1253 elliu
373 1187 482 1253 mellus
497 1202 559 1269 tua,
574 1191 627 1275 qui
640 1207 739 1276 potes,
753 1212 824 1255 orsa
837 1191 999 1257 reflectas!

167 1286 258 1357 Hae
271 1291 327 1356 ubi
339 1290 426 1355 dicta
442 1289 540 1373 dedit,
555 1293 637 1358 coelo
651 1315 685 1357 se
700 1308 847 1379 protenus
862 1293 925 1359 alto

123 1380 231 1475 llisu,
244 1416 340 1481 agens
355 1392 500 1475 hiemem,
513 1397 622 1459 nimbo
635 1400 796 1461 succincta
812 1419 871 1482 per
885 1419 998 1463 ouras:

122 1486 324 1588 lliacsmque
339 1502 441 1565 aciem
455 1513 487 1565 et
501 1501 671 1566 Laurentia
684 1516 789 1567 castra
802 1506 924 1589 petivit.

120 1588 217 1669 Tum
229 1603 289 1669 dea
302 1602 385 1668 nube
398 1602 480 1667 cavi
493 1617 616 1669 tenuem
632 1608 699 1669 sine
712 1605 833 1671 viribus
847 1605 990 1671 umbram

120 1690 157 1761 ΙΙΙ
178 1704 295 1771 taciem
310 1704 416 1769 AEneae
430 1705 518 1786 (visu
533 1706 678 1771 nrirabile
693 1712 880 1793 monstrum)

116 1790 302 1875 Dardaniis
312 1821 402 1873 ornat
416 1809 505 1890 telis3
525 1810 734 1896 clypeumque
746 1812 903 1898 jubasque

115 1892 242 1977 Diqu
254 1910 415 1977 assimulat
427 1914 560 1998 capitis3
582 1914 637 1979 dat
652 1915 757 1980 inania
770 1917 890 1994 verba3

112 1994 276 2081 Barsine
290 2026 394 2078 mente
407 2035 526 2095 sonum,
540 2038 727 2102 gressusque
742 2018 858 2104 effingit
868 2020 986 2081 euntis:

112 2098 236 2183 Horae
247 2116 333 2183 obiti
348 2117 458 2201 quales
472 2118 557 2184 lama
570 2136 617 2186 est
631 2121 764 2186 volitare
778 2122 903 2206 figuras,

112 2204 201 2285 Ᾰῑιῑ
212 2224 409 2306 que-sopitos
423 2220 573 2287 deludunt
586 2225 706 2290 somnia
721 2245 840 2288 sensus.

111 2304 168 2379 Ᾰῑ
186 2330 300 2412 primas
313 2328 387 2393 laeta
400 2339 473 2392 onte
487 2326 571 2390 acies
586 2326 720 2391 exsultat
734 2329 847 2411 imago,

111 2404 296 2515 ¹¹⁴''itutque
308 2435 413 2497 virum
427 2429 506 2509 telis,
521 2443 552 2493 et
565 2451 645 2495 voce
660 2429 796 2494 lacessit.

109 2506 230 2599 'Qut
240 2538 292 2601 cui
306 2536 441 2615 liumus,
455 2532 698 2619 stridentemque
714 2537 834 2599 eminus
853 2532 975 2602 hastam

104 2608 283 2723 conjicin
304 2635 360 2704 illa
372 2635 450 2701 dato
463 2640 557 2700 vertit
571 2639 702 2721 vestigia
717 2650 814 2723 tergo.

110 2710 216 2803 Tum
227 2738 304 2804 vero
319 2738 439 2803 AEnesn
454 2757 597 2803 eversum
612 2751 645 2803 ut
658 2738 774 2803 cedere
788 2740 913 2807 Turnus

110 2812 282 2923 Cfcdidit,
296 2855 391 2928 atque
405 2845 510 2906 animo
525 2863 612 2928 spem
627 2841 769 2906 turbidus
785 2841 889 2907 bausit
902 2846 1044 2911 inanem:

110 2920 205 3013 Quo
216 2949 304 3037 sugis,
316 2948 443 3014 AEneal
463 2948 616 3013 thalamos
630 2971 670 3013 ne
685 2949 796 3014 desere
810 2963 937 3034 pactos:

111 3024 208 3117 Πῆο
220 3052 345 3119 dabitur
358 3053 472 3118 dextri
486 3053 577 3119 tellus
591 3057 723 3138 quaesita
737 3075 795 3139 per
808 3052 919 3117 undas.

114 3128 224 3219 Talia
235 3158 409 3223 vociferans
423 3157 571 3240 sequitur,
585 3157 785 3239 strictumque
799 3168 944 3221 coruscat

117 3236 321 3345 ¹¹latronem,
334 3284 395 3329 nec
409 3263 493 3329 l'erre
507 3264 595 3329 videt
609 3286 665 3329 sua
679 3263 795 3351 gaudia
808 3276 927 3328 ventos.

185 3360 270 3429 sons
282 3369 370 3447 ratis,
383 3365 460 3429 celsi
474 3368 639 3453 conjuncta
654 3366 817 3452 crepidine
830 3366 909 3446 saxi,

126 3444 289 3549 amitis
302 3468 408 3534 stabat
421 3469 515 3534 scalis
530 3482 561 3533 et
573 3482 668 3557 ponte
682 3482 802 3555 parato,

65 3562 67 3569 ¹
125 3546 210 3637 'Q
219 3588 271 3633 rex
284 3570 423 3635 Clusinis
436 3570 587 3637 advectus
601 3572 727 3636 Osinius
740 3576 815 3636 oris.

77 3718 80 3723 .
138 3650 215 3729 fluo
224 3690 287 3737 sese
300 3672 425 3760 trepido
437 3670 549 3739 AEnete
563 3676 708 3761 fugientis
721 3678 826 3761 imago

146 3752 268 3853 Cursu
279 3778 312 3843 iu
324 3776 485 3858 latebram
504 3800 564 3844 nec
579 3778 705 3845 Turnus
719 3778 844 3865 segnior
855 3778 959 3871 instat²
