2772 4998
167 447 227 512 180
397 459 400 464 '
613 447 804 509 mutuos

210 607 291 686 Tela
306 607 510 690 Latinorum
529 621 739 696 septenosque
753 609 885 675 orbibus
899 611 995 676 orbes

210 711 404 798 Impediunt:
426 711 481 776 alii
495 714 631 776 ventosis
646 710 771 777 follibus
786 734 881 778 auras

208 819 378 902 Accipiunt
391 813 587 899 redduntque
600 840 609 895 ;
631 813 685 879 alii
700 814 865 882 stridentia
879 819 1000 903 tingunt
1191 827 1259 882 450

207 916 288 984 AErs
303 920 390 985 lacu:
412 920 508 1006 gemit
522 918 671 1005 impositis
686 918 853 983 incudibus
867 923 1001 984 antrum.

209 1021 258 1086 llli
272 1024 355 1086 inter
368 1043 436 1086 sese
450 1019 546 1086 multi
560 1021 592 1084 vi
608 1021 742 1086 brachia
753 1019 864 1086 tollunt
881 1043 883 1046 ·

207 1124 243 1190 ln
257 1146 429 1204 numerum,
444 1136 631 1209 versantque
647 1127 749 1189 tenaci
763 1123 883 1210 forcipe
898 1144 1045 1210 messam.
1180 1211 1183 1216 ,

131 1277 133 1282 -
249 1227 332 1294 Haec
347 1241 437 1314 pater
452 1226 561 1292 AEoliis
575 1239 724 1314 properat
739 1225 814 1292 dum
829 1227 980 1290 Lemnius
993 1226 1066 1314 oris,

206 1331 388 1397 Evandrum
404 1353 445 1396 ex
460 1327 568 1395 humili
588 1343 670 1395 tecto
684 1329 738 1393 lux
753 1332 882 1394 suscitat
897 1329 990 1408 alma,
1186 1339 1257 1396 455

142 1437 151 1456 ⁸
207 1435 247 1500 Et
263 1435 402 1500 matutini
418 1433 579 1498 volucrum
593 1433 652 1497 sub
666 1430 801 1496 eulmine
816 1441 937 1496 cantus.
1208 1427 1213 1435 “

206 1535 373 1622 Consurgit
387 1537 502 1616 senior,
516 1533 682 1620 tunicique
698 1531 854 1598 inducitur
869 1545 964 1614 artus,

206 1639 246 1704 Et
261 1639 429 1726 Tyrrhena
444 1638 559 1725 pedum
574 1637 750 1702 circumdat
765 1635 890 1703 vincula
904 1637 1029 1722 plantis.

204 1743 286 1808 Tum
298 1742 392 1808 lateri
407 1757 500 1827 atque
515 1742 653 1807 humeris
667 1742 836 1828 Tegeaeum
850 1741 987 1828 subligat
1001 1763 1116 1822 ensem,

202 1843 351 1910 Demissa
366 1846 408 1910 ab
423 1844 502 1910 levit
516 1844 678 1929 pantherae
693 1857 782 1931 terga
796 1829 991 1929 retorquens.
1183 1853 1259 1912 460

204 1949 272 2015 Nec
288 1973 348 2014 non
364 1962 395 2013 et
408 1952 523 2036 gemini
538 1950 683 2014 custodes
701 1948 807 2015 limine
822 1949 865 2014 ab
880 1947 944 2014 alto

203 2043 396 2132 Preceduut,
410 2073 616 2140 gressumque
627 2073 722 2117 canes
736 2053 923 2118 comitantur
937 2051 1080 2118 herilem.

203 2155 348 2243 Hospitis
365 2155 471 2221 AEneae
486 2155 593 2220 sedem
609 2169 640 2220 et
654 2169 777 2221 secreta
791 2157 930 2243 petebat,

203 2257 386 2322 Sermonum
401 2277 519 2322 memor
534 2269 564 2321 et
579 2258 723 2342 promissi
739 2257 883 2338 muneris,
898 2258 1002 2338 heroe.

201 2359 271 2426 Nec
286 2360 385 2428 minis
399 2359 519 2426 AEneas
534 2383 568 2427 se
582 2361 747 2426 matutinus
762 2361 889 2448 agebat.
1179 2372 1257 2431 46⁵

99 2542 101 2548 ι
201 2463 298 2533 Filius
314 2465 386 2531 huic
404 2466 519 2547 Pallas,
534 2464 579 2532 illi
594 2487 699 2530 comes
714 2465 781 2530 ibat
795 2465 947 2532 Achates.

199 2567 368 2658 Congressi
379 2570 512 2658 jungunt
525 2569 665 2650 dextras,
679 2557 851 2655 mediisque
866 2569 1007 2636 residunt

128 2665 132 2670 ’
200 2671 344 2754 AEdibus,
360 2686 390 2738 et
405 2671 491 2738 licito
505 2672 631 2738 tandem
646 2693 790 2738 sermone
804 2673 956 2738 fruuntur.

201 2771 273 2838 Rex
288 2778 376 2860 prior
390 2774 477 2840 haec:

165 2902 176 2925 ι
199 2875 339 2944 Maxime
354 2878 549 2944 Teucrorum
564 2877 684 2961 ductor,
699 2902 762 2966 quo
775 2881 891 2967 sospite
905 2901 1061 2964 nunquam
1179 2893 1256 2952 470

199 2975 266 3044 Res
281 2979 427 3068 equidem
442 2980 547 3067 Trojae
561 2983 662 3048 victas
677 2997 730 3048 aut
744 3005 840 3070 regna
854 2984 988 3063 fatebor,

198 3077 300 3146 Nobis
314 3082 356 3147 ad
366 3081 447 3146 ¹belli
462 3083 612 3149 auxilium
626 3107 685 3172 pro
699 3090 822 3152 nomine
838 3099 925 3152 tanto

199 3183 329 3272 Exigue
344 3185 445 3250 vires:
468 3184 542 3250 hinc
557 3187 662 3252 'lusco
676 3185 851 3254 claudimur
865 3189 967 3269 amni3

199 3287 286 3354 Hinc
301 3286 435 3354 Rutulus
448 3291 572 3374 premit,
587 3301 618 3353 et
632 3311 753 3356 murum
766 3291 974 3358 circumsonat
989 3294 1096 3356 armis.

197 3389 261 3458 Sed
276 3391 333 3456 tibi
348 3413 406 3477 ego
421 3391 560 3478 ingentes
573 3391 705 3477 populos
718 3392 927 3480 opulentaque
942 3395 1046 3481 regnis
1175 3407 1255 3466 47⁵

195 3493 334 3582 Jungere
349 3507 453 3559 castra
467 3515 565 3580 paroc
588 3515 682 3579 quam
697 3496 761 3561 sors
776 3495 902 3583 inopina
917 3495 1048 3562 salutem

196 3597 358 3677 Ostentat3
380 3597 452 3662 istis
467 3596 527 3661 lruc
542 3599 787 3683 tepescentibus
802 3596 906 3664 affers.

197 3700 296 3767 Haud
310 3698 421 3787 procul
436 3699 508 3764 hinc
523 3721 602 3766 saxo
616 3700 760 3766 incolitur
774 3699 904 3766 lundata
917 3713 1040 3768 vetusto

197 3801 294 3869 Urbis
309 3801 466 3890 Agyllinae
481 3800 582 3882 sedes,
595 3801 650 3867 ubi
664 3801 771 3889 Lydia
787 3801 945 3887 quondam

193 3907 291 3989 Gens,
304 3906 389 3973 bello
403 3905 567 3992 praeclura,
576 3907 661 3994 jugis
675 3905 789 3972 insedit
803 3907 955 3972 Etruscis.
1179 3921 1262 3982 480

196 4011 293 4077 Hanc
306 4007 418 4074 multos
433 4009 594 4074 furentem
608 4029 706 4074 annos
720 4030 778 4074 rex
793 4007 908 4074 deinde
922 4009 1060 4097 superbo
1267 4025 1276 4040 ·

196 4111 330 4200 lmperio
344 4125 376 4177 et
389 4112 480 4178 saevie
494 4113 593 4178 tenuit
606 4109 780 4178 Mezentius
794 4111 900 4200 nmo,
