2890 5002
210 447 267 523 ist
673 453 864 518 mnarum

283 607 420 679 ‘Postera
430 613 558 700 jamque
571 607 641 675 dies
654 611 759 696 primo
773 607 922 697 surgebat
937 607 1019 690 uuo,

247 717 501 802 Humentemque
515 715 640 782 Aurora
653 713 727 800 polo
741 713 918 780 dimoverat
932 713 1095 796 umbram
1164 739 1168 746 ⁴

248 820 352 903 Quum
367 817 470 885 subito
484 839 502 883 c
516 816 611 900 silvis,
625 819 726 883 macie
740 818 885 883 conlecta
899 817 1055 904 supremi,

249 923 348 1011 lgnoti
361 943 444 989 nova
458 923 560 988 forma
574 924 646 1003 viri,
662 921 904 1008 miserandaque
919 920 1015 1002 cultu,

249 1025 405 1106 Procedit,
419 1023 616 1112 supplexque
630 1045 739 1090 manus
753 1023 794 1089 ad
810 1023 915 1088 littora
929 1023 1040 1090 tendit.

249 1125 466 1216 Respicimus:
489 1127 559 1194 dira
573 1126 704 1208 illuvies,
719 1127 918 1213 immissaque
932 1127 1045 1207 barba,

249 1231 437 1299 consertum
451 1245 595 1320 tegumen
609 1232 723 1318 spinis3
744 1243 776 1296 at
790 1245 907 1298 caetera
921 1232 1044 1311 Graius,

250 1333 295 1400 Ut
309 1335 467 1422 quondam
482 1335 593 1422 patriis
606 1333 649 1399 ad
664 1334 795 1422 Trojam
810 1339 922 1400 missus
937 1336 969 1400 in
983 1335 1088 1402 armis.

249 1439 341 1526 Isque
356 1440 411 1504 ubi
424 1437 604 1503 Dardanios
619 1437 744 1504 habitus
759 1450 791 1502 et
805 1437 904 1504 Troia
915 1437 994 1503 vidit

249 1543 347 1606 Arma
360 1540 481 1627 procul,
494 1536 623 1627 paullum
636 1538 789 1626 adspectu
804 1541 991 1604 conterritus
1006 1538 1108 1620 hesir,

249 1643 472 1730 Continuitque
486 1641 640 1732 gradum3
661 1663 735 1707 mox
750 1663 819 1707 sese
835 1642 877 1708 ad
891 1642 996 1708 littora
1010 1661 1157 1729 praeceps

248 1746 330 1813 Cum
345 1747 418 1813 iletu
431 1747 641 1834 precibusque
656 1747 743 1812 tulit:
766 1747 827 1811 Per
841 1745 946 1812 sidera
960 1759 1067 1828 testor,

238 1849 311 1916 ¹l’ei·
324 1853 463 1936 superos,
477 1863 572 1936 atque
588 1851 648 1915 hoc
663 1848 737 1915 coeli
751 1850 902 1936 spirabile
917 1849 1031 1932 lumen,

248 1953 365 2019 Tollite
380 1975 441 2036 me,
455 1955 592 2035 Teucri;
617 1973 831 2040 quascumque
845 1953 994 2020 abducite
1009 1966 1121 2034 terras

249 2057 325 2124 Hoc
339 2069 388 2122 sat
402 2059 473 2123 erit
517 2058 589 2124 Scio
605 2079 655 2122 me
668 2057 791 2122 Danais
806 2079 824 2121 e
838 2058 1112 2138 classicanum,

248 2159 291 2226 Et
303 2159 388 2226 bello
403 2159 516 2226 iliacos
530 2161 632 2225 fateor
645 2159 772 2245 petiisse
788 2160 932 2226 Penates.

250 2262 310 2327 Pro
325 2284 397 2350 quo,
411 2265 438 2327 ai
453 2261 581 2328 sceleris
595 2274 682 2326 tanta
697 2271 744 2324 est
757 2261 873 2348 injuria
887 2263 994 2342 nostri,

248 2366 391 2454 Spargite
406 2387 456 2431 me
470 2368 503 2431 in
518 2365 640 2446 fluctus,
654 2376 807 2450 vastoque
822 2369 997 2453 immergite
1010 2379 1118 2452 ponto.

248 2472 282 2536 Si
297 2493 402 2558 pereo,
417 2469 577 2536 hominum
592 2469 734 2536 manibus
749 2469 879 2556 periisse
890 2469 1024 2557 juvabit.

249 2574 407 2657 Dixerat;
428 2588 470 2656 et,
483 2595 586 2663 genua
601 2574 774 2660 amplexus,
788 2575 983 2660 genibusque
998 2573 1152 2655 volutans,

248 2678 415 2745 Haerebat.
459 2679 522 2762 Qui
536 2682 585 2759 sit,
600 2679 671 2759 sari,
686 2697 749 2764 quo
763 2677 913 2763 sanguine
927 2691 1043 2758 cretus,

248 2783 444 2863 Hortamur3
465 2801 536 2867 quat
551 2779 667 2847 deinde
682 2781 780 2867 agitet
794 2781 927 2861 fortuna,
942 2780 1046 2846 lateri.

249 2885 321 2973 lpse
334 2897 424 2972 pater
438 2883 585 2948 dextram
600 2883 765 2962 Anchises,
780 2881 865 2946 ltaud
880 2881 978 2947 multa
992 2895 1139 2964 moratus,

248 2987 314 3054 Dat
324 2987 454 3075 juveni3
479 2995 574 3067 atque
589 2986 726 3066 animum
741 2988 887 3070 prasenti
902 2988 1035 3072 pignore
1050 2986 1165 3052 firmat.

249 3089 306 3154 llle
322 3089 401 3169 haec,
415 3084 558 3172 depositi
573 3083 700 3152 tandem
714 3085 891 3168 formidine,
906 3088 1008 3153 sanir:

293 3191 368 3255 Sum
382 3187 484 3276 patrii
499 3207 540 3254 ex
555 3185 674 3268 lthacd,
688 3207 794 3252 comes
809 3189 940 3254 infelicis
956 3189 1097 3276 Ulyssei,

250 3291 372 3358 Nomen
387 3289 630 3372 Achemenides‚
644 3290 774 3377 Trojam
789 3296 930 3378 genitore
945 3290 1119 3358 Adamasto

252 3397 394 3482 Paupcre
408 3393 653 3478 (mansissetque
666 3394 785 3459 utinam
801 3396 965 3480 fortunat)
978 3398 1149 3482 prosecuta.

251 3500 318 3566 Hic
334 3521 394 3581 me,
408 3498 482 3564 dum
496 3497 611 3586 trepidi
624 3497 767 3564 crudelia
781 3499 888 3566 liuiina
902 3500 1055 3586 linquunt,

250 3605 451 3670 immemores
465 3606 544 3668 socii
559 3616 648 3668 vasto
663 3602 817 3690 Cyclopis
831 3606 865 3669 in
879 3617 970 3670 actm

251 3707 440 3775 Deserubre.
477 3707 596 3773 Domus
611 3709 699 3773 sanie
713 3707 911 3795 dapibusque
926 3710 1063 3774 cruentis

251 3813 335 3878 intus
349 3831 460 3897 opaca,
474 3813 600 3898 ingens:
623 3810 689 3896 ipse
704 3811 831 3892 miluus,
845 3809 972 3897 altaque
987 3811 1091 3899 pulsat

254 3913 383 3982 Sidera=
406 3912 480 3995 (Di,
494 3913 589 3980 talem
603 3913 695 3978 terris
710 3917 842 3980 avertite
856 3929 977 4000 pestem
989 3917 1018 3998 l)
1234 3921 1303 3983 620

252 4019 320 4084 Nec
334 4020 404 4083 visu
417 4016 529 4098 facilis,
542 4039 601 4084 nec
616 4017 703 4082 dictu
716 4016 851 4084 affabilis
865 4017 932 4082 ulli.

253 4119 440 4187 Visceribus
455 4122 636 4188 miserorum
652 4134 683 4187 et
697 4126 847 4208 sanguine
861 4125 1000 4189 vescitur
1014 4135 1094 4189 atro.
