2756 5010
158 478 161 488 ,
228 415 283 480 186
672 403 863 474 AENElDOS

268 577 387 644 Tantos
402 575 456 641 illa
471 599 527 642 suo
541 573 706 662 nturpebat
720 585 849 658 pectore
864 581 1000 656 questus.
1023 614 1025 618 .

312 679 428 744 AEneas
442 677 527 742 celsi
542 679 574 741 in
589 677 697 762 puppi,
707 676 775 761 jam
789 687 894 739 certus
908 671 1013 752 eundi,

270 782 434 869 Carpebat
448 801 582 860 somnos,
595 779 691 844 rebus
701 779 768 866 jam
782 777 843 843 rite
857 781 988 862 peratis.

272 887 358 951 Huic
373 907 407 950 se
422 886 523 951 forma
537 883 590 948 dei
605 883 691 947 vultu
705 881 864 948 redeuntis
879 881 991 948 eodem

270 988 392 1054 Obtulit
407 991 438 1054 in
453 987 576 1066 somnis,
589 1007 760 1072 rursusque
774 989 820 1051 ite
833 986 902 1052 visa
917 1007 1046 1053 mouere
1060 1001 1125 1068 est3

271 1091 387 1157 Omnia
402 1091 561 1156 Mercurio
576 1089 696 1171 similis,
710 1111 894 1174 vocemque,
908 1088 1118 1178 coloremque,

272 1195 313 1260 Et
328 1200 432 1262 crines
447 1196 554 1275 flavos,
568 1207 599 1260 ot
613 1195 755 1260 membre
770 1185 886 1258 decora
895 1193 1044 1282 juvente:

271 1299 355 1366 Nate
370 1297 441 1379 desi,
453 1311 543 1384 potes
558 1298 619 1362 hoc
634 1297 782 1406 subxcasu
797 1296 914 1362 ducere
929 1300 1072 1362 somnos?
1245 1297 1297 1360 560

272 1401 341 1467 Nec
357 1425 426 1488 quse
442 1415 472 1466 te
487 1403 606 1468 circum
620 1415 701 1469 stent
715 1360 830 1467 deinile
844 1399 987 1488 periculo
1001 1403 1129 1468 cernist

272 1505 430 1570 Demens!
453 1526 511 1570 nec
528 1503 699 1592 Zephyros
714 1503 803 1569 audin
817 1508 940 1590 spirare
954 1503 1131 1570 secundos?

273 1606 332 1672 llla
346 1605 435 1671 dolos
449 1605 613 1692 dirumque
628 1607 716 1672 nefas
731 1610 763 1672 in
777 1619 906 1692 pectore
920 1617 1036 1686 versut,

273 1709 371 1775 Certa
385 1709 638 1828 moripverioque
654 1712 772 1777 irarum
787 1709 915 1774 fluctuat
926 1723 1030 1782 aestu„

274 1813 346 1878 Nou
360 1813 440 1900 sugis
456 1809 529 1878 lunc
545 1833 697 1898 praeccps‚
711 1811 786 1878 dum
800 1813 999 1900 pmcipitarc
1013 1813 1194 1898 potcstasii
1249 1809 1300 1873 ³65

274 1913 347 1978 Jam
362 1935 448 1978 mure
463 1913 585 1979 turbari
599 1913 742 1977 trabibus
768 1933 927 1999 servasque
941 1913 1067 1978 videbis
1097 1999 1104 2010 ¹

274 2016 442 2086 Collucere
456 2019 552 2097 faces,
563 1986 631 2102 jain
645 2017 768 2081 fervere
783 2015 888 2082 littora
903 2015 1045 2096 flammis,
1104 2097 1110 2109 .

276 2121 309 2184 Si
325 2133 355 2184 tc
370 2119 418 2184 his
433 2120 569 2207 attigerit
583 2121 676 2184 terris
691 2121 816 2184 Aurora
831 2133 1014 2184 morantem.

276 2221 421 2322 Eiupge‚
435 2243 546 2307 rumpe
561 2242 681 2288 moras:
704 2221 827 2286 varium
842 2234 873 2285 et
886 2220 1037 2286 mutabile
1051 2241 1179 2307 semper

277 2314 430 2392 Foemina.
477 2325 528 2389 Sic
544 2326 633 2405 latus,
648 2324 731 2389 nocti
746 2345 779 2388 se
794 2324 960 2390 immiscuit
975 2313 1095 2406 atrml
1252 2323 1305 2382 57⁰
1372 2383 1373 2392 ,

320 2427 402 2493 Tum
418 2428 494 2493 verti
511 2427 635 2507 AEnees,
651 2426 761 2491 subitis
776 2429 944 2492 exterritus
959 2426 1089 2506 umbris,
1372 2395 1373 2459 i

279 2531 418 2618 Corripit
434 2554 451 2596 e
467 2554 574 2597 somno
588 2553 713 2617 corpus,
727 2518 1034 2617 sociosquefatigatt

280 2636 460 2722 Praecipites
474 2635 613 2721 vigilate,
627 2634 695 2716 viri,
711 2647 743 2697 et
756 2631 909 2698 considite
924 2633 1084 2714 truristris3

280 2736 399 2804 Solvite
414 2738 484 2803 vola
500 2739 565 2803 citi.
609 2736 708 2817 Deus,
723 2736 840 2802 aethere
855 2738 966 2800 missus
981 2736 1023 2802 ab
1038 2734 1112 2816 ulto,

284 2842 449 2906 Festinaro
464 2841 569 2926 sugam
584 2853 743 2924 tortosque
758 2838 896 2903 incidere
911 2839 1000 2904 funes

282 2945 368 3009 Ecce
383 2945 494 3008 iterum
509 2939 656 3008 stimulat.
701 2941 867 3028 Sequimur
880 2953 921 3023 te,
936 2953 1043 3006 sancte
1058 2939 1199 3020 deomm,

282 3045 431 3130 Quisquis
446 3066 489 3125 es,
505 3046 699 3130 imperioque
714 3047 826 3110 iterum
840 3067 986 3130 paremus
1001 3059 1143 3110 ovantes.

284 3146 380 3212 Adsis
394 3169 424 3227 o,
437 3145 643 3233 placidusque
652 3147 755 3234 juves,
770 3159 802 3210 et
816 3146 919 3212 sidere
934 3147 1016 3212 coelo

284 3248 408 3328 Dentre
423 3249 516 3315 feras.
561 3247 670 3314 Dixit:
693 3247 868 3336 vaginfique
883 3251 975 3336 eripit
989 3271 1095 3316 ensem
1369 3285 1370 3375 p

287 3350 490 3434 Fulmineum,
504 3355 674 3438 strictoque
689 3353 761 3418 ferit
775 3353 948 3418 retinacula
962 3355 1057 3420 ferro.
1070 3383 1129 3450 λ
1259 3354 1312 3416 580

288 3453 374 3520 idem
389 3477 495 3520 omnes
509 3454 600 3520 umul
615 3453 710 3520 ardor
725 3426 1058 3561 hubettprepiuritque
1070 3469 1245 3562 puuntquet

285 3557 408 3622 Littore
422 3557 608 3624 deserubrct
631 3557 706 3623 latet
720 3558 779 3624 sub
793 3559 946 3626 classibus
961 3582 1086 3646 sequor:

287 3659 406 3724 Adnixi
420 3673 562 3746 torquent
577 3676 713 3748 spumas,
727 3675 758 3726 et
772 3662 889 3733 caerulu
904 3675 1043 3728 verrunt.

330 3763 371 3827 Et
380 3764 447 3850 jam
462 3766 564 3848 primu
578 3783 659 3858 novo
672 3765 840 3852 spargebat
856 3765 971 3830 lumine
986 3779 1087 3832 terres

289 3863 417 3930 Tithoni
431 3885 577 3931 croceum
592 3865 734 3952 linquens
749 3871 874 3932 Aurora
888 3867 1010 3934 cubilez
1263 3873 1317 3936 585
1367 3910 1368 3986 p

189 3999 192 4006 ·
289 3968 412 4056 Regina
427 3989 444 4032 e
459 3967 595 4054 speculis
608 3981 642 4033 ut
656 3967 790 4054 primitur
804 3969 968 4037 albescere
983 3971 1084 4038 luceru

291 4071 392 4153 Vidit,
407 4084 438 4136 et
452 4076 584 4158 aequutis
597 4071 731 4140 classem
748 4073 923 4160 procedere
937 4073 1026 4157 velis,
