2890 5002
234 443 289 502 nr
363 517 366 526 Α
675 429 862 494 anemos

277 598 437 684 Iasiusque
453 611 553 686 pater,
567 615 663 684 genus
678 615 698 658 a
712 615 774 678 quo
787 591 932 680 principe
946 599 1096 655 nostrum.

279 703 377 790 Surge
393 725 461 790 age,
475 715 507 768 et
521 701 589 766 haec
605 697 692 762 taetus
707 697 848 782 longaevo
862 694 948 760 dicta
962 695 1108 780 parentii

279 803 377 869 Haud
391 802 565 870 dubitanda
579 799 679 864 refer:
702 797 858 884 Corytum
872 809 1036 881 terrasque
1050 797 1192 882 requirat
1253 801 1316 860 tto

280 909 445 972 Ausonias.
489 907 613 970 Dictaea
627 915 721 989 negat
735 901 793 965 tibi
807 902 932 987 Jupiter
946 919 1034 964 arva.

323 1009 454 1075 Talibus
470 1010 616 1074 attonitus
629 1008 706 1070 visis
720 1025 759 1068 ac
773 1023 852 1068 voce
866 1002 997 1068 deorum

279 1111 363 1194 (Nec
378 1132 472 1197 sopor
486 1107 564 1174 illud
578 1120 663 1187 erat,
686 1104 742 1172 sed
756 1105 863 1170 coram
878 1121 1049 1190 agnoscere
1063 1099 1174 1182 vtrltus,

280 1213 475 1301 Velatasque
490 1231 606 1292 comas,
619 1212 848 1298 presentiaque
869 1229 926 1272 ora
940 1206 1091 1273 videbar:

280 1315 362 1382 Tum
375 1315 498 1404 gelidus
511 1327 575 1379 toto
589 1312 737 1377 manabat
750 1329 884 1395 corpore
898 1306 1016 1391 sudor),
1254 1309 1318 1368 175

281 1419 430 1505 Corripio
445 1441 463 1484 e
478 1420 582 1484 stratis
596 1435 720 1502 corpus,
735 1413 891 1498 tendoque
906 1413 1033 1498 supinas

279 1523 332 1589 Ad
346 1523 460 1588 coelum
474 1543 545 1587 cum
558 1541 639 1588 voce
653 1539 772 1598 manus,
786 1530 817 1583 et
831 1537 960 1582 munera
975 1513 1040 1580 libo

280 1625 468 1690 lntetuerata
480 1625 570 1691 locis.
616 1623 760 1688 Perfecto
774 1620 862 1686 latus
876 1620 1004 1699 honore,

280 1726 441 1796 Anchisen
455 1729 537 1794 iacio
552 1739 682 1807 certum,
696 1747 826 1810 remque
839 1723 950 1790 ordine
965 1719 1081 1810 pando.

280 1825 417 1920 Agnoiit
430 1831 552 1920 prolem
567 1832 746 1920 ambiguam
760 1832 962 1918 geminosque
976 1836 1131 1912 parentes,
1258 1823 1319 1886 lv

281 1935 385 2020 Seque
399 1955 481 2002 novo
494 1947 636 2000 veterum
650 1932 818 2020 deceptum
832 1952 940 1998 errore
955 1929 1106 1995 locorum.

280 2035 363 2102 'lum
376 2049 546 2104 memorat:
569 2037 660 2119 Nate,
675 2033 1035 2129 lliacisxexercited'atis,

281 2136 358 2204 Sola
371 2138 448 2204 mihi
464 2139 542 2206 tales
555 2161 648 2206 casus
662 2138 846 2206 Cassandra
860 2137 1006 2202 canebat.
1027 2147 1036 2207 t

282 2239 374 2306 Nunc
389 2254 499 2328 repeto
513 2241 583 2306 baec
597 2244 705 2328 generi
713 2236 1034 2327 portenderedebita
1047 2247 1163 2316 noenu,

279 2341 324 2408 Et
337 2341 422 2428 saepd
438 2341 638 2428 Hesperiam,
653 2341 738 2428 saepti
753 2340 831 2406 itala
845 2361 953 2428 regna,
967 2359 1095 2402 vocare.
1171 2382 1175 2390 .
1259 2338 1319 2398 tos
1432 2339 1433 2348 ’

284 2442 348 2508 Sed
363 2447 433 2530 quis
448 2443 489 2510 ad
504 2444 672 2531 Hesperia
687 2456 834 2509 venturos
849 2440 954 2507 littora
966 2441 1111 2506 Teucros

191 2568 193 2574 ¹
268 2543 473 2616 ,Crederett
485 2559 538 2611 aut
552 2567 644 2631 quem
660 2559 724 2612 tum
738 2558 825 2610 vates
839 2541 1022 2608 Cassandra
1036 2542 1197 2606 moveretl

285 2643 445 2710 Cedamus
460 2644 591 2722 Phoebo,
606 2659 637 2707 et
651 2650 758 2708 moniti
774 2643 906 2710 meliora
920 2661 1098 2727 sequamur.
1219 2661 1222 2666 ’

286 2747 340 2813 Sic
355 2751 416 2814 ait:
439 2759 471 2812 et
484 2747 589 2811 cuncti
602 2742 689 2810 dicto
702 2763 849 2830 paremus
862 2755 1004 2810 ovantes.

287 2851 382 2916 Hanc
398 2867 522 2933 quoque
537 2845 712 2911 deserimus
725 2845 844 2926 sedem,
857 2850 1030 2933 paucisque
1044 2843 1163 2912 relictis
1261 2851 1324 2913 too
1383 2929 1389 2940 ⁸

288 2951 372 3018 Vela
386 2951 505 3030 damus,
519 2959 702 3033 vacuumque
717 2946 797 3013 cava
811 2949 903 3014 trabe
915 2951 1071 3016 currimus
1085 2967 1205 3034 equor.

331 3055 499 3139 Postquam
514 3049 609 3115 altum
623 3049 752 3116 tenudre
765 3063 860 3133 rates,
873 3073 933 3118 nec
942 3054 1010 3141 jam
1025 3048 1158 3138 amplids
1171 3051 1243 3117 ulle

287 3159 451 3244 lipparem
465 3167 567 3235 terrae,
581 3151 694 3218 coelum
707 3153 856 3239 undique,
871 3167 903 3219 et
916 3153 1054 3241 undique
1068 3164 1200 3241 pontus3

290 3259 372 3326 'tum
387 3257 464 3324 mihi
479 3253 630 3322 cmndeus
644 3275 740 3343 supra
754 3271 848 3344 caput
863 3255 982 3322 adstitit
995 3257 1109 3338 imber,

290 3361 422 3426 Noctem
433 3359 629 3445 hiememque
640 3358 761 3440 lerens3
783 3371 814 3424 et
824 3359 978 3424 inhorruit
988 3355 1074 3426 tmde
1084 3358 1236 3426 tenebris.
1261 3361 1325 3424 tos

234 3533 237 3542 ,
292 3461 448 3530 Continuo
461 3465 546 3530 venti
560 3462 689 3528 volvunt
701 3483 799 3544 mare,
813 3483 988 3552 magnaque
1002 3475 1131 3551 surgunt

291 3565 448 3652 AEquora:
471 3565 605 3652 dispersi
616 3567 773 3654 jactamur
786 3570 907 3655 gurgite
922 3579 1022 3633 vasto.

289 3667 455 3736 involvdre
469 3667 554 3735 diem
567 3669 674 3751 nimbi,
688 3683 720 3736 et
732 3691 796 3736 nox
811 3670 939 3736 humida
953 3669 1068 3737 coelum

286 3772 428 3863 plbstulit
436 3793 452 3838 t·
460 3775 650 3860 ingeminant
663 3773 804 3860 abruptis
819 3774 954 3840 nubibus
967 3777 1066 3861 ignes.

293 3879 479 3945 Excutimur
492 3898 596 3957 cursu,
609 3888 641 3941 et
654 3881 749 3942 caecis
762 3873 1067 3944 erramusinundis.
1264 3881 1332 3942 200

294 3982 365 4068 lpse
378 3979 463 4046 diem
477 3993 662 4065 noctemque
675 3991 769 4067 negat
782 3978 963 4044 discemere
978 3975 1069 4057 coelo,

294 4085 363 4152 Nec
377 4085 555 4153 meminisse
568 4085 629 4150 vie
643 4083 749 4150 media
762 4081 927 4150 Palintuus
941 4085 974 4148 iu
988 4078 1083 4149 uadi·
