2648 5288
527 773 679 834 ECLOGA
700 773 748 834 Vl.
1131 787 1165 840 21

154 918 299 982 Aonasm
314 935 433 985 montes
449 934 481 984 ut
496 922 615 987 duxerit
629 947 689 988 una
700 944 861 988 sororum:
1127 931 1167 992 65

154 1019 256 1106 thue
271 1026 336 1088 viro
352 1025 465 1090 Phoebi
480 1028 588 1094 chorus
604 1031 801 1095 assurrexerit
815 1030 931 1108 omnia3

152 1125 194 1190 Ut
208 1128 309 1193 Linus
323 1131 389 1195 haec
405 1133 445 1195 illi
458 1133 558 1198 divino
573 1137 707 1200 carmine
722 1152 833 1222 pastor,

154 1231 292 1299 Floribus
309 1251 401 1321 atquo
417 1240 486 1322 apio
500 1241 600 1304 crines
615 1256 737 1305 ornatus
751 1261 865 1319 amaro,

152 1338 291 1404 Dixerit:
316 1339 385 1406 Hos
400 1342 452 1407 ribi
467 1345 540 1408 dant
555 1346 700 1424 calamos,
716 1368 765 1422 en,
781 1345 898 1430 accipe,
914 1343 1021 1426 Musa,

151 1447 273 1510 Ascraeo
288 1467 367 1531 quos
382 1446 451 1511 aute
465 1450 529 1512 seui
544 1472 553 1528 ;
578 1451 685 1534 quibus
700 1450 751 1513 ille
767 1449 883 1513 solebat
1125 1461 1169 1519 70

154 1552 314 1616 Cantando
328 1551 440 1637 rigidas
456 1554 611 1618 deducere
626 1556 777 1620 montibus
793 1576 904 1620 omos:

156 1655 213 1722 His
228 1659 277 1733 tibi
293 1656 411 1742 Grynei
426 1661 558 1724 nemoris
569 1661 690 1739 dicatur
704 1661 799 1745 origo,

156 1765 205 1828 Ne
222 1767 287 1848 quis
302 1767 339 1829 sit
353 1763 440 1829 lucus
456 1788 516 1850 quo
532 1788 565 1830 se
577 1767 645 1853 plus
655 1767 751 1853 jactet
764 1767 885 1852 Apollo·
1000 1757 1003 1762 ¹
1103 1787 1113 1816 t

196 1869 280 1945 Quid
293 1871 411 1955 loquar,
427 1886 461 1935 ut
478 1872 612 1957 Scyllam
628 1873 706 1951 Nisi,
722 1894 813 1957 quam
829 1873 910 1938 lama
925 1891 1030 1942 secuta
1045 1891 1102 1958 est,

152 1973 294 2040 Candida
310 1977 496 2041 succinctam
511 1977 686 2042 latrantibus
699 1979 820 2062 inguina
834 1981 984 2060 monstris,
1124 1989 1166 2047 75

152 2080 315 2146 Dulichias
330 2079 461 2146 rexisse
477 2097 568 2160 rates,
585 2097 616 2146 et
631 2085 746 2167 gurgite
763 2085 792 2146 in
808 2085 867 2149 alto

151 2189 222 2252 Ah!
248 2188 370 2252 timidos
384 2203 492 2251 nautas
507 2189 631 2252 canibus
646 2186 797 2254 lacerisse
812 2192 956 2271 marinis,

150 2294 215 2356 Aut
229 2308 261 2356 ut
277 2306 408 2356 mutatos
422 2292 518 2356 Terei
533 2295 698 2358 narraverit
711 2293 816 2384 artus?

152 2395 240 2473 Quas
255 2397 298 2460 illi
314 2396 488 2461 Philomela
503 2398 608 2481 dapes,
624 2418 689 2480 quc
706 2398 785 2463 dona
799 2396 933 2482 paririt?
999 2469 1001 2474 ,

151 2498 225 2575 Quo
239 2521 331 2563 cursu
347 2500 467 2564 deserta
482 2500 631 2584 petiverit,
647 2514 678 2564 at
693 2501 800 2585 quibus
812 2502 881 2566 ante
1127 2507 1171 2568 80

149 2605 261 2670 Infelix
276 2625 332 2668 sua
346 2617 428 2668 tecta
444 2605 701 2689 supervolitaverit
716 2605 797 2671 alis?

195 2710 308 2774 Omnia
324 2732 401 2794 que,
418 2709 538 2776 Plroebo
554 2711 707 2794 quondam
721 2714 896 2790 meditante,
912 2713 1018 2778 beatus

154 2815 257 2878 Audiit
272 2813 415 2893 Eurotas,
427 2815 574 2900 jussitque
591 2817 729 2879 ediscere
745 2818 856 2890 lauros,

155 2918 210 2982 llle
222 2922 321 2984 cauit:
344 2921 438 3006 pulsre
455 2919 589 2984 referunt
605 2922 643 2987 ad
661 2919 760 2983 sidera
774 2920 888 2988 valles:

153 3024 275 3109 Cogere
291 3027 392 3089 donec
408 3047 480 3089 oves
496 3026 619 3090 stabulis
631 3046 851 3110 numerumque
868 3025 980 3091 referre
1126 3033 1166 3093 6⁵

150 3130 253 3207 susat,
270 3147 302 3196 et
317 3132 410 3197 invito
421 3132 569 3218 prooessit
584 3130 704 3216 Vesper
720 3133 863 3219 Olympo.
