2772 4998
575 461 693 524 utuuu
706 463 756 524 Xl.

165 625 287 690 Tecum
302 642 378 688 acer
393 621 557 708 Messapus
571 621 640 701 erit,
654 634 825 706 turmaeque
840 621 973 701 Lotiuae,

154 731 364 815 .Tiburnique
379 749 508 794 manus:
531 711 622 794 ducis
636 741 668 792 et
682 741 714 794 tu
729 731 862 815 concipe
876 749 998 794 numm.

164 835 219 898 Sic
236 833 289 914 ait,
303 845 336 898 et
349 831 481 918 paribus
494 830 674 916 Messapum
688 834 721 896 in
735 831 849 917 proelia
863 830 958 898 dictis
1144 833 1207 896 820

165 935 334 1015 Hortatur,
348 936 512 1019 sociosque
526 932 642 1013 ducese
663 945 695 998 et
708 934 810 1020 pergit
823 937 856 999 in
871 932 1003 1000 hostem.

164 1037 223 1102 Est
237 1059 336 1106 curuo
350 1038 492 1104 anfractu
506 1035 616 1117 valles,
630 1036 803 1102 accomoda
817 1036 922 1104 baudi

165 1141 399 1224 Armorumque
413 1137 513 1218 dolis3
535 1159 628 1223 quem
642 1137 747 1204 densis
761 1137 926 1204 frondibus
941 1147 1043 1204 auum

166 1239 268 1326 Urget
282 1241 438 1327 utrimque
452 1240 555 1320 latus3
576 1244 676 1308 tenuis
690 1240 754 1325 qud
767 1241 878 1306 munito
892 1239 989 1322 ducit,

163 1347 378 1431 Angustosque
393 1346 494 1412 lerunt
508 1345 627 1426 lauces,
641 1343 806 1431 aditusque
821 1343 961 1432 maligui.
975 1379 1003 1402 ι-
1147 1351 1209 1411 lib

164 1447 264 1513 Hanc
279 1471 384 1535 super,
398 1450 430 1516 in
443 1449 589 1536 speculis,
604 1471 787 1536 summoque
801 1450 832 1515 in
847 1451 968 1514 vertice
981 1452 1104 1531 montis,

168 1549 319 1616 Planities
334 1553 438 1638 ignota
447 1554 545 1638 jacet,
559 1552 678 1637 tutique
692 1563 849 1638 receptus,

168 1653 232 1716 Seu
247 1652 361 1718 desua
376 1653 516 1739 levique
531 1651 610 1721 uelis
626 1673 793 1720 occurrere
808 1673 931 1740 pugna,

167 1754 243 1818 Sive
258 1755 374 1822 instare
384 1757 468 1842 jugis
484 1769 515 1820 et
529 1753 663 1842 grandia
677 1755 806 1820 volvere
821 1776 911 1821 saxa.

166 1857 245 1922 Huc
255 1860 382 1945 juvenis
396 1857 470 1924 noti
484 1860 583 1924 surum
596 1863 725 1945 regione
740 1860 870 1938 umrum,
1147 1863 1211 1922 tuo

168 1962 373 2048 Arripuitque
389 1961 502 2042 locum,
515 1973 548 2026 et
561 1961 646 2027 silvis
661 1961 775 2028 insedit
788 1963 914 2048 iniquis.

213 2065 368 2130 Velocem
381 2067 501 2132 interae
515 2066 636 2152 superis
651 2066 683 2130 in
697 2065 826 2132 sedibus
840 2067 946 2153 Opim,

171 2167 277 2233 Unam
291 2190 332 2234 ex
346 2168 519 2256 virginibus
533 2172 629 2234 sociis
642 2167 798 2255 sacrique
810 2169 951 2250 cameri,

169 2270 406 2358 Compellabat,
418 2285 451 2336 et
465 2271 526 2338 luas
538 2272 634 2338 tristis
649 2271 784 2338 Latonia
797 2293 894 2338 voces

167 2375 236 2440 Ore
251 2372 368 2440 dabat:
389 2373 541 2442 Greditur
555 2375 672 2443 bellum
686 2375 729 2440 ad
743 2373 872 2440 crudele
887 2374 1034 2456 Camilla,
1149 2379 1211 2438 585

171 2479 203 2544 Ο
217 2479 315 2566 virgo,
330 2491 361 2545 et
375 2481 490 2545 uostris
504 2478 720 2564 nequidquam
731 2479 869 2565 cingitur
882 2482 988 2560 mmis,

171 2581 260 2648 Cara
273 2582 350 2648 mihi
364 2595 436 2647 ante
452 2581 551 2648 aliast
574 2603 677 2668 neque
691 2584 775 2647 euim
789 2603 889 2646 novus
902 2582 960 2647 iste
974 2581 1090 2647 Diante

170 2685 270 2750 Venit
284 2707 380 2765 amor,
394 2681 559 2768 subitisque
575 2685 712 2748 animm
726 2682 893 2750 dulcedine
908 2685 1014 2750 movit.

174 2786 286 2852 Pulsus
299 2787 343 2852 ob
357 2785 508 2854 invidiam
522 2807 620 2874 regno
633 2787 781 2872 viresque
795 2787 960 2873 superbus,

169 2889 326 2955 Priverno
339 2886 622 2974 antiquillletabus
637 2910 733 2974 quum
747 2888 918 2956 excederet
931 2889 1021 2971 urbe,
1152 2895 1214 2954 540

171 2993 337 3072 Infantem,
350 2993 472 3080 fiugiens
486 2991 590 3058 media
605 2992 686 3057 inter
700 2987 813 3078 proelia
827 2993 913 3076 belli,

172 3095 302 3162 Sustulit
316 3095 428 3164 exsilio
442 3099 600 3175 coutitem,
614 3097 785 3180 matrisque
799 3098 924 3163 vocavit

173 3199 310 3264 Nomine
324 3197 494 3280 Consulite,
508 3197 627 3264 mutata
639 3211 742 3284 parte,
755 3199 935 3266 Camillam·
1051 3221 1056 3232 ·

171 3301 256 3388 lpse,
269 3301 338 3366 sinu
352 3323 418 3386 prae
433 3313 619 3387 seponens,
629 3301 706 3390 juga
720 3301 812 3390 longa
825 3301 953 3388 petebat

171 3403 317 3468 Selorum
332 3425 510 3470 nemorum:
533 3402 597 3469 tela
611 3403 748 3488 undique
756 3425 841 3471 sueva
854 3406 1049 3492 premebant,
1152 3409 1213 3472 545

172 3507 218 3572 Et
230 3509 421 3574 circumfuso
434 3506 607 3574 volitabant
619 3506 716 3572 milite
730 3507 851 3574 Volsci.

143 3681 148 3707 Ι
174 3611 274 3690 Ecce,
287 3610 368 3696 suga
383 3609 498 3692 medio,
510 3612 637 3676 summis
651 3614 826 3680 Amusenue
839 3613 1003 3680 abundans

137 3744 143 3791 t
174 3713 352 3800 Spumabat
361 3714 442 3800 pipis
456 3741 478 3808 3„
486 3727 589 3782 tantus
602 3735 637 3780 se
651 3715 787 3782 nubibus
802 3717 905 3782 inber

125 3822 136 3878 t
174 3815 340 3902 Ruperat:
363 3813 427 3895 ille,
441 3816 550 3882 innare
563 3837 690 3902 parans,
704 3818 830 3883 infamis
844 3837 951 3884 amore

172 3917 347 3999 Tardatur,
361 3939 499 4005 caroque
513 3923 601 3984 oneri
615 3920 870 3992 timet..0mnia
884 3941 991 3986 seeum
1154 3927 1216 3986 550

171 4020 326 4086 versanti
339 4019 444 4086 subiti)
457 4023 512 4086 vix
526 4021 596 4088 hoc
610 4023 762 4088 sententia
776 4021 872 4090 sedite

171 4121 290 4188 Telum
305 4124 451 4206 mane,
463 4147 557 4192 mnnu
570 4125 677 4192 validi
691 4125 775 4211 quod
789 4127 872 4194 font
884 4129 1016 4216 gerebat
