<?xml version="1.0" encoding="UTF-8"?>
<!DOCTYPE html PUBLIC "-//W3C//DTD XHTML 1.0 Transitional//EN"
    "http://www.w3.org/TR/xhtml1/DTD/xhtml1-transitional.dtd">
<html xmlns="http://www.w3.org/1999/xhtml" xml:lang="en" lang="en">
 <head>
  <title>
</title>
<meta http-equiv="Content-Type" content="text/html;charset=utf-8" />
  <meta name='ocr-system' content='tesseract 3.04.00' />
  <meta name='ocr-capabilities' content='ocr_page ocr_carea ocr_par ocr_line ocrx_word'/>
</head>
<body>
  <div class='ocr_page' id='page_1' title='image "./bucolicageorgic00goulgoog/bucolicageorgic00goulgoog_0282.png"; bbox 0 0 2756 5010; ppageno 0'>
   <div class='ocr_carea' id='block_1_1' title="bbox 238 489 864 553">
    <p class='ocr_par' dir='ltr' id='par_1_1' title="bbox 238 489 864 553">
     <span class='ocr_line' id='line_1_1' title="bbox 238 489 864 553; baseline -0.006 0"><span class='ocrx_word' id='word_1_1' title='bbox 238 497 295 553; x_wconf 78' lang='lat'>268</span> <span class='ocrx_word' id='word_1_2' title='bbox 675 489 864 550; x_wconf 81' lang='lat' dir='ltr'><strong>AENEIDOS</strong></span> 
     </span>
    </p>
   </div>
   <div class='ocr_carea' id='block_1_2' title="bbox 274 643 1181 4244">
    <p class='ocr_par' dir='ltr' id='par_1_2' title="bbox 281 643 1087 839">
     <span class='ocr_line' id='line_1_2' title="bbox 281 643 1087 738; baseline -0.002 -20"><span class='ocrx_word' id='word_1_3' title='bbox 281 653 384 736; x_wconf 82' lang='lat' dir='ltr'>Quum</span> <span class='ocrx_word' id='word_1_4' title='bbox 398 664 489 738; x_wconf 87' lang='lat' dir='ltr'>pater</span> <span class='ocrx_word' id='word_1_5' title='bbox 504 655 534 717; x_wconf 91' lang='lat' dir='ltr'>in</span> <span class='ocrx_word' id='word_1_6' title='bbox 550 652 619 737; x_wconf 72' lang='lat' dir='ltr'>ripi</span> <span class='ocrx_word' id='word_1_7' title='bbox 633 652 793 738; x_wconf 83' lang='lat' dir='ltr'>gelidique</span> <span class='ocrx_word' id='word_1_8' title='bbox 808 653 867 716; x_wconf 94' lang='lat' dir='ltr'>sub</span> <span class='ocrx_word' id='word_1_9' title='bbox 883 643 1009 716; x_wconf 85' lang='lat' dir='ltr'>aetheris</span> <span class='ocrx_word' id='word_1_10' title='bbox 1026 673 1087 716; x_wconf 85' lang='lat' dir='ltr'>axe</span> 
     </span>
     <span class='ocr_line' id='line_1_3' title="bbox 284 754 914 839; baseline -0.003 -18"><span class='ocrx_word' id='word_1_11' title='bbox 284 756 408 836; x_wconf 87' lang='lat' dir='ltr'>AEneas,</span> <span class='ocrx_word' id='word_1_12' title='bbox 422 759 503 820; x_wconf 85' lang='lat' dir='ltr'>tristi</span> <span class='ocrx_word' id='word_1_13' title='bbox 518 756 659 819; x_wconf 89' lang='lat' dir='ltr'>turbatus</span> <span class='ocrx_word' id='word_1_14' title='bbox 675 768 805 839; x_wconf 82' lang='lat' dir='ltr'>pectora</span> <span class='ocrx_word' id='word_1_15' title='bbox 819 754 914 836; x_wconf 93' lang='lat' dir='ltr'>bello,</span> 
     </span>
    </p>

    <p class='ocr_par' dir='ltr' id='par_1_3' title="bbox 285 858 1131 1151">
     <span class='ocr_line' id='line_1_4' title="bbox 285 858 1131 944; baseline -0.004 -20"><span class='ocrx_word' id='word_1_16' title='bbox 285 861 463 938; x_wconf 84' lang='lat' dir='ltr'>Procubuit,</span> <span class='ocrx_word' id='word_1_17' title='bbox 478 879 641 944; x_wconf 87' lang='lat' dir='ltr'>seramque</span> <span class='ocrx_word' id='word_1_18' title='bbox 657 858 743 922; x_wconf 83' lang='lat' dir='ltr'><strong>dedit</strong></span> <span class='ocrx_word' id='word_1_19' title='bbox 757 881 815 944; x_wconf 89' lang='lat' dir='ltr'>per</span> <span class='ocrx_word' id='word_1_20' title='bbox 829 861 970 923; x_wconf 91' lang='lat' dir='ltr'>membra</span> <span class='ocrx_word' id='word_1_21' title='bbox 985 858 1131 944; x_wconf 87' lang='lat' dir='ltr'>quietem.</span> 
     </span>
     <span class='ocr_line' id='line_1_5' title="bbox 285 963 1073 1048; baseline -0.005 -20"><span class='ocrx_word' id='word_1_22' title='bbox 285 965 372 1028; x_wconf 87' lang='lat' dir='ltr'>Huic</span> <span class='ocrx_word' id='word_1_23' title='bbox 388 963 464 1028; x_wconf 87' lang='lat' dir='ltr'>deus</span> <span class='ocrx_word' id='word_1_24' title='bbox 479 967 546 1048; x_wconf 83' lang='lat' dir='ltr'>ipse</span> <span class='ocrx_word' id='word_1_25' title='bbox 563 963 633 1040; x_wconf 88' lang='lat' dir='ltr'>loci,</span> <span class='ocrx_word' id='word_1_26' title='bbox 648 964 741 1028; x_wconf 87' lang='lat' dir='ltr'>liuvio</span> <span class='ocrx_word' id='word_1_27' title='bbox 756 964 925 1028; x_wconf 87' lang='lat' dir='ltr'>Tiberinus</span> <span class='ocrx_word' id='word_1_28' title='bbox 941 983 1073 1042; x_wconf 86' lang='lat' dir='ltr'>amoeno,</span> 
     </span>
     <span class='ocr_line' id='line_1_6' title="bbox 287 1063 1001 1151; baseline 0 -23"><span class='ocrx_word' id='word_1_29' title='bbox 287 1065 438 1151; x_wconf 89' lang='lat' dir='ltr'>Populeas</span> <span class='ocrx_word' id='word_1_30' title='bbox 454 1069 533 1130; x_wconf 87' lang='lat' dir='ltr'>inter</span> <span class='ocrx_word' id='word_1_31' title='bbox 549 1069 653 1129; x_wconf 90' lang='lat' dir='ltr'>senior</span> <span class='ocrx_word' id='word_1_32' title='bbox 668 1087 701 1130; x_wconf 87' lang='lat' dir='ltr'>se</span> <span class='ocrx_word' id='word_1_33' title='bbox 717 1065 859 1130; x_wconf 77' lang='lat' dir='ltr'>attollere</span> <span class='ocrx_word' id='word_1_34' title='bbox 874 1063 1001 1129; x_wconf 86' lang='lat' dir='ltr'>frondes</span> 
     </span>
    </p>

    <p class='ocr_par' dir='ltr' id='par_1_4' title="bbox 285 1167 1065 1354">
     <span class='ocr_line' id='line_1_7' title="bbox 285 1167 1030 1256; baseline -0.004 -23"><span class='ocrx_word' id='word_1_35' title='bbox 285 1167 392 1234; x_wconf 88' lang='lat' dir='ltr'>Visus.</span> <span class='ocrx_word' id='word_1_36' title='bbox 438 1170 516 1233; x_wconf 88' lang='lat' dir='ltr'>Eum</span> <span class='ocrx_word' id='word_1_37' title='bbox 532 1173 632 1233; x_wconf 87' lang='lat' dir='ltr'>tenuis</span> <span class='ocrx_word' id='word_1_38' title='bbox 647 1169 758 1256; x_wconf 89' lang='lat' dir='ltr'>glauco</span> <span class='ocrx_word' id='word_1_39' title='bbox 774 1167 901 1232; x_wconf 84' lang='lat' dir='ltr'>velabat</span> <span class='ocrx_word' id='word_1_40' title='bbox 916 1171 1030 1231; x_wconf 90' lang='lat' dir='ltr'>amictu</span> 
     </span>
     <span class='ocr_line' id='line_1_8' title="bbox 285 1267 1065 1354; baseline -0.004 -20"><span class='ocrx_word' id='word_1_41' title='bbox 285 1271 455 1352; x_wconf 86' lang='lat' dir='ltr'>Carbasus,</span> <span class='ocrx_word' id='word_1_42' title='bbox 471 1285 501 1335; x_wconf 87' lang='lat' dir='ltr'>et</span> <span class='ocrx_word' id='word_1_43' title='bbox 516 1270 618 1335; x_wconf 88' lang='lat' dir='ltr'>crines</span> <span class='ocrx_word' id='word_1_44' title='bbox 632 1273 779 1335; x_wconf 89' lang='lat' dir='ltr'>umbrosa</span> <span class='ocrx_word' id='word_1_45' title='bbox 793 1269 919 1354; x_wconf 82' lang='lat' dir='ltr'>tegebat</span> <span class='ocrx_word' id='word_1_46' title='bbox 934 1267 1065 1333; x_wconf 88' lang='lat' dir='ltr'>arundo.</span> 
     </span>
    </p>

    <p class='ocr_par' dir='ltr' id='par_1_5' title="bbox 285 1369 1023 1454">
     <span class='ocr_line' id='line_1_9' title="bbox 285 1369 1023 1454; baseline -0.007 -18"><span class='ocrx_word' id='word_1_47' title='bbox 285 1373 314 1436; x_wconf 91' lang='lat' dir='ltr'>T</span> <span class='ocrx_word' id='word_1_48' title='bbox 316 1396 367 1437; x_wconf 90' lang='lat' dir='ltr'>um</span> <span class='ocrx_word' id='word_1_49' title='bbox 382 1376 427 1437; x_wconf 88' lang='lat' dir='ltr'>sic</span> <span class='ocrx_word' id='word_1_50' title='bbox 443 1371 540 1454; x_wconf 84' lang='lat' dir='ltr'>affari,</span> <span class='ocrx_word' id='word_1_51' title='bbox 556 1387 586 1436; x_wconf 88' lang='lat' dir='ltr'>et</span> <span class='ocrx_word' id='word_1_52' title='bbox 601 1395 693 1438; x_wconf 88' lang='lat' dir='ltr'>curas</span> <span class='ocrx_word' id='word_1_53' title='bbox 709 1372 756 1435; x_wconf 91' lang='lat' dir='ltr'>his</span> <span class='ocrx_word' id='word_1_54' title='bbox 771 1370 898 1435; x_wconf 90' lang='lat' dir='ltr'>demere</span> <span class='ocrx_word' id='word_1_55' title='bbox 913 1369 1023 1434; x_wconf 90' lang='lat' dir='ltr'>dictis:</span> 
     </span>
    </p>

    <p class='ocr_par' dir='ltr' id='par_1_6' title="bbox 284 1471 1181 1770">
     <span class='ocr_line' id='line_1_10' title="bbox 326 1471 1181 1562; baseline -0.005 -23"><span class='ocrx_word' id='word_1_56' title='bbox 326 1475 356 1538; x_wconf 93' lang='lat'>0</span> <span class='ocrx_word' id='word_1_57' title='bbox 371 1489 437 1539; x_wconf 88' lang='lat' dir='ltr'>sate</span> <span class='ocrx_word' id='word_1_58' title='bbox 452 1489 543 1562; x_wconf 83' lang='lat' dir='ltr'>gente</span> <span class='ocrx_word' id='word_1_59' title='bbox 558 1474 661 1554; x_wconf 85' lang='lat' dir='ltr'>detim,</span> <span class='ocrx_word' id='word_1_60' title='bbox 676 1475 846 1558; x_wconf 86' lang='lat' dir='ltr'>Trojanam</span> <span class='ocrx_word' id='word_1_61' title='bbox 861 1495 901 1536; x_wconf 83' lang='lat' dir='ltr'>er</span> <span class='ocrx_word' id='word_1_62' title='bbox 917 1471 1058 1536; x_wconf 81' lang='lat' dir='ltr'><strong>hostibus</strong></span> <span class='ocrx_word' id='word_1_63' title='bbox 1073 1471 1181 1536; x_wconf 87' lang='lat' dir='ltr'>urbem</span> 
     </span>
     <span class='ocr_line' id='line_1_11' title="bbox 284 1565 1097 1666; baseline -0.005 -20"><span class='ocrx_word' id='word_1_64' title='bbox 284 1584 345 1665; x_wconf 84' lang='lat' dir='ltr'>Qui</span> <span class='ocrx_word' id='word_1_65' title='bbox 360 1583 486 1646; x_wconf 84' lang='lat' dir='ltr'>revehis</span> <span class='ocrx_word' id='word_1_66' title='bbox 501 1583 600 1660; x_wconf 90' lang='lat' dir='ltr'>nobis,</span> <span class='ocrx_word' id='word_1_67' title='bbox 615 1596 794 1666; x_wconf 73' lang='lat' dir='ltr'>aternoque</span> <span class='ocrx_word' id='word_1_68' title='bbox 811 1565 964 1666; x_wconf 82' lang='lat' dir='ltr'>Pergama</span> <span class='ocrx_word' id='word_1_69' title='bbox 979 1600 1097 1658; x_wconf 89' lang='lat' dir='ltr'>servas,</span> 
     </span>
     <span class='ocr_line' id='line_1_12' title="bbox 284 1683 1026 1770; baseline -0.004 -22"><span class='ocrx_word' id='word_1_70' title='bbox 284 1683 473 1770; x_wconf 84' lang='lat' dir='ltr'>Exspectate</span> <span class='ocrx_word' id='word_1_71' title='bbox 488 1684 555 1748; x_wconf 94' lang='lat' dir='ltr'>solo</span> <span class='ocrx_word' id='word_1_72' title='bbox 570 1685 720 1749; x_wconf 79' lang='lat' dir='ltr'>Laurenti</span> <span class='ocrx_word' id='word_1_73' title='bbox 736 1683 881 1768; x_wconf 85' lang='lat' dir='ltr'>arvisque</span> <span class='ocrx_word' id='word_1_74' title='bbox 897 1683 1026 1761; x_wconf 87' lang='lat' dir='ltr'>Latinis,</span> 
     </span>
    </p>

    <p class='ocr_par' dir='ltr' id='par_1_7' title="bbox 282 1785 1138 2056">
     <span class='ocr_line' id='line_1_13' title="bbox 282 1785 1138 1864; baseline 0 -15"><span class='ocrx_word' id='word_1_75' title='bbox 282 1785 349 1849; x_wconf 90' lang='lat' dir='ltr'>Hic</span> <span class='ocrx_word' id='word_1_76' title='bbox 366 1787 422 1849; x_wconf 91' lang='lat' dir='ltr'>tibi</span> <span class='ocrx_word' id='word_1_77' title='bbox 437 1799 525 1850; x_wconf 89' lang='lat' dir='ltr'>certa</span> <span class='ocrx_word' id='word_1_78' title='bbox 539 1786 664 1864; x_wconf 88' lang='lat' dir='ltr'>domus;</span> <span class='ocrx_word' id='word_1_79' title='bbox 687 1788 775 1864; x_wconf 84' lang='lat' dir='ltr'>certi,</span> <span class='ocrx_word' id='word_1_80' title='bbox 792 1807 829 1848; x_wconf 92' lang='lat' dir='ltr'>ne</span> <span class='ocrx_word' id='word_1_81' title='bbox 845 1785 972 1864; x_wconf 84' lang='lat' dir='ltr'>absiste,</span> <span class='ocrx_word' id='word_1_82' title='bbox 988 1785 1138 1864; x_wconf 80' lang='lat' dir='ltr'>Penates3</span> 
     </span>
     <span class='ocr_line' id='line_1_14' title="bbox 283 1886 1054 1958; baseline -0.001 -8"><span class='ocrx_word' id='word_1_83' title='bbox 283 1887 353 1952; x_wconf 93' lang='lat' dir='ltr'>Neu</span> <span class='ocrx_word' id='word_1_84' title='bbox 367 1886 443 1952; x_wconf 92' lang='lat' dir='ltr'>belli</span> <span class='ocrx_word' id='word_1_85' title='bbox 458 1901 576 1951; x_wconf 88' lang='lat' dir='ltr'>terrere</span> <span class='ocrx_word' id='word_1_86' title='bbox 592 1888 701 1951; x_wconf 85' lang='lat' dir='ltr'>minis:</span> <span class='ocrx_word' id='word_1_87' title='bbox 725 1899 826 1950; x_wconf 89' lang='lat' dir='ltr'>tumor</span> <span class='ocrx_word' id='word_1_88' title='bbox 840 1887 938 1958; x_wconf 84' lang='lat' dir='ltr'>omnis</span> <span class='ocrx_word' id='word_1_89' title='bbox 953 1899 984 1949; x_wconf 91' lang='lat' dir='ltr'>et</span> <span class='ocrx_word' id='word_1_90' title='bbox 997 1889 1054 1949; x_wconf 80' lang='lat' dir='ltr'>irae</span> 
     </span>
     <span class='ocr_line' id='line_1_15' title="bbox 282 1991 594 2056; baseline -0.006 0"><span class='ocrx_word' id='word_1_91' title='bbox 282 1991 478 2056; x_wconf 70' lang='lat' dir='ltr'>Concessdre</span> <span class='ocrx_word' id='word_1_92' title='bbox 490 1991 594 2055; x_wconf 83' lang='lat' dir='ltr'>detim.</span> 
     </span>
    </p>

    <p class='ocr_par' dir='ltr' id='par_1_8' title="bbox 281 2091 1134 2284">
     <span class='ocr_line' id='line_1_16' title="bbox 281 2091 1134 2182; baseline -0.001 -24"><span class='ocrx_word' id='word_1_93' title='bbox 281 2095 415 2180; x_wconf 88' lang='lat' dir='ltr'>Jamque</span> <span class='ocrx_word' id='word_1_94' title='bbox 431 2096 498 2175; x_wconf 88' lang='lat' dir='ltr'>tibi,</span> <span class='ocrx_word' id='word_1_95' title='bbox 513 2117 552 2158; x_wconf 92' lang='lat' dir='ltr'>ne</span> <span class='ocrx_word' id='word_1_96' title='bbox 567 2117 648 2159; x_wconf 88' lang='lat' dir='ltr'>vona</span> <span class='ocrx_word' id='word_1_97' title='bbox 664 2109 753 2180; x_wconf 90' lang='lat' dir='ltr'>putes</span> <span class='ocrx_word' id='word_1_98' title='bbox 769 2095 838 2160; x_wconf 84' lang='lat' dir='ltr'>haec</span> <span class='ocrx_word' id='word_1_99' title='bbox 853 2091 970 2182; x_wconf 83' lang='lat' dir='ltr'>fingere</span> <span class='ocrx_word' id='word_1_100' title='bbox 985 2115 1134 2174; x_wconf 87' lang='lat' dir='ltr'>somnum,</span> 
     </span>
     <span class='ocr_line' id='line_1_17' title="bbox 282 2197 977 2284; baseline 0.003 -24"><span class='ocrx_word' id='word_1_101' title='bbox 282 2197 430 2262; x_wconf 87' lang='lat' dir='ltr'>Littoreis</span> <span class='ocrx_word' id='word_1_102' title='bbox 446 2199 552 2284; x_wconf 89' lang='lat' dir='ltr'>ingens</span> <span class='ocrx_word' id='word_1_103' title='bbox 567 2198 691 2262; x_wconf 89' lang='lat' dir='ltr'>inventa</span> <span class='ocrx_word' id='word_1_104' title='bbox 706 2198 764 2262; x_wconf 91' lang='lat' dir='ltr'>sub</span> <span class='ocrx_word' id='word_1_105' title='bbox 778 2199 901 2262; x_wconf 85' lang='lat' dir='ltr'>ilicibus</span> <span class='ocrx_word' id='word_1_106' title='bbox 916 2219 977 2279; x_wconf 90' lang='lat' dir='ltr'>sus,</span> 
     </span>
    </p>

    <p class='ocr_par' dir='ltr' id='par_1_9' title="bbox 281 2298 948 2386">
     <span class='ocr_line' id='line_1_18' title="bbox 281 2298 948 2386; baseline 0 -24"><span class='ocrx_word' id='word_1_107' title='bbox 281 2298 425 2386; x_wconf 87' lang='lat' dir='ltr'>Triginta</span> <span class='ocrx_word' id='word_1_108' title='bbox 439 2300 576 2385; x_wconf 89' lang='lat' dir='ltr'>capitum</span> <span class='ocrx_word' id='word_1_109' title='bbox 592 2301 683 2362; x_wconf 86' lang='lat' dir='ltr'>ioetus</span> <span class='ocrx_word' id='word_1_110' title='bbox 699 2300 802 2380; x_wconf 86' lang='lat' dir='ltr'>enixa,</span> <span class='ocrx_word' id='word_1_111' title='bbox 817 2301 948 2386; x_wconf 87' lang='lat' dir='ltr'>jacebit,</span> 
     </span>
    </p>

    <p class='ocr_par' dir='ltr' id='par_1_10' title="bbox 280 2401 1136 2798">
     <span class='ocr_line' id='line_1_19' title="bbox 280 2401 1056 2483; baseline 0 -17"><span class='ocrx_word' id='word_1_112' title='bbox 280 2402 375 2482; x_wconf 86' lang='lat' dir='ltr'>Alba,</span> <span class='ocrx_word' id='word_1_113' title='bbox 390 2401 457 2467; x_wconf 91' lang='lat' dir='ltr'>solo</span> <span class='ocrx_word' id='word_1_114' title='bbox 470 2404 636 2483; x_wconf 88' lang='lat' dir='ltr'>recubans,</span> <span class='ocrx_word' id='word_1_115' title='bbox 651 2402 715 2466; x_wconf 85' lang='lat' dir='ltr'>albi</span> <span class='ocrx_word' id='word_1_116' title='bbox 731 2403 964 2470; x_wconf 84' lang='lat' dir='ltr'>circumubera</span> <span class='ocrx_word' id='word_1_117' title='bbox 980 2406 1056 2467; x_wconf 89' lang='lat' dir='ltr'>nati.</span> 
     </span>
     <span class='ocr_line' id='line_1_20' title="bbox 280 2503 1136 2592; baseline -0.001 -23"><span class='ocrx_word' id='word_1_118' title='bbox 280 2503 361 2588; x_wconf 90' lang='lat' dir='ltr'>[Hic</span> <span class='ocrx_word' id='word_1_119' title='bbox 376 2505 462 2570; x_wconf 91' lang='lat' dir='ltr'>locus</span> <span class='ocrx_word' id='word_1_120' title='bbox 477 2507 564 2570; x_wconf 88' lang='lat' dir='ltr'>urbis</span> <span class='ocrx_word' id='word_1_121' title='bbox 579 2507 647 2586; x_wconf 88' lang='lat' dir='ltr'>erit,</span> <span class='ocrx_word' id='word_1_122' title='bbox 662 2509 786 2592; x_wconf 85' lang='lat' dir='ltr'>requies</span> <span class='ocrx_word' id='word_1_123' title='bbox 802 2529 841 2570; x_wconf 87' lang='lat' dir='ltr'>ea</span> <span class='ocrx_word' id='word_1_124' title='bbox 855 2519 942 2571; x_wconf 85' lang='lat' dir='ltr'>certa</span> <span class='ocrx_word' id='word_1_125' title='bbox 958 2505 1100 2569; x_wconf 89' lang='lat' dir='ltr'>laborum</span> <span class='ocrx_word' id='word_1_126' title='bbox 1113 2507 1136 2591; x_wconf 73' lang='grc' dir='ltr'>ε]</span> 
     </span>
     <span class='ocr_line' id='line_1_21' title="bbox 281 2608 1020 2695; baseline 0.003 -23"><span class='ocrx_word' id='word_1_127' title='bbox 281 2609 331 2672; x_wconf 85' lang='lat' dir='ltr'>Ex</span> <span class='ocrx_word' id='word_1_128' title='bbox 347 2632 408 2695; x_wconf 93' lang='lat' dir='ltr'>quo</span> <span class='ocrx_word' id='word_1_129' title='bbox 424 2608 573 2674; x_wconf 80' lang='lat' dir='ltr'>terdenis</span> <span class='ocrx_word' id='word_1_130' title='bbox 588 2611 699 2673; x_wconf 91' lang='lat' dir='ltr'>urbem</span> <span class='ocrx_word' id='word_1_131' title='bbox 714 2609 915 2674; x_wconf 86' lang='lat' dir='ltr'>redeuntibus</span> <span class='ocrx_word' id='word_1_132' title='bbox 931 2613 1020 2674; x_wconf 86' lang='lat' dir='ltr'>annis</span> 
     </span>
     <span class='ocr_line' id='line_1_22' title="bbox 280 2712 1002 2798; baseline 0.001 -23"><span class='ocrx_word' id='word_1_133' title='bbox 280 2714 432 2776; x_wconf 84' lang='lat' dir='ltr'>Ascanius</span> <span class='ocrx_word' id='word_1_134' title='bbox 447 2712 525 2776; x_wconf 88' lang='lat' dir='ltr'>clari</span> <span class='ocrx_word' id='word_1_135' title='bbox 542 2712 654 2776; x_wconf 89' lang='lat' dir='ltr'>condet</span> <span class='ocrx_word' id='word_1_136' title='bbox 669 2714 860 2798; x_wconf 85' lang='lat' dir='ltr'>cognominis</span> <span class='ocrx_word' id='word_1_137' title='bbox 877 2714 1002 2778; x_wconf 83' lang='lat' dir='ltr'>Albam.</span> 
     </span>
    </p>

    <p class='ocr_par' dir='ltr' id='par_1_11' title="bbox 278 2813 1176 3418">
     <span class='ocr_line' id='line_1_23' title="bbox 281 2813 1176 2902; baseline 0.001 -24"><span class='ocrx_word' id='word_1_138' title='bbox 281 2813 379 2879; x_wconf 85' lang='lat' dir='ltr'>Haud</span> <span class='ocrx_word' id='word_1_139' title='bbox 395 2818 513 2878; x_wconf 84' lang='lat' dir='ltr'>incerta</span> <span class='ocrx_word' id='word_1_140' title='bbox 529 2836 620 2878; x_wconf 85' lang='lat' dir='ltr'>cano.</span> <span class='ocrx_word' id='word_1_141' title='bbox 665 2815 755 2880; x_wconf 88' lang='lat' dir='ltr'>Nunc</span> <span class='ocrx_word' id='word_1_142' title='bbox 771 2817 832 2901; x_wconf 70' lang='lat' dir='ltr'>qui</span> <span class='ocrx_word' id='word_1_143' title='bbox 847 2817 968 2881; x_wconf 87' lang='lat' dir='ltr'>ratione</span> <span class='ocrx_word' id='word_1_144' title='bbox 984 2815 1069 2902; x_wconf 90' lang='lat' dir='ltr'>quod</span> <span class='ocrx_word' id='word_1_145' title='bbox 1085 2821 1176 2882; x_wconf 89' lang='lat' dir='ltr'>instat</span> 
     </span>
     <span class='ocr_line' id='line_1_24' title="bbox 279 2915 1003 3000; baseline 0.004 -21"><span class='ocrx_word' id='word_1_146' title='bbox 279 2915 441 3000; x_wconf 87' lang='lat' dir='ltr'>Expedias</span> <span class='ocrx_word' id='word_1_147' title='bbox 456 2917 564 2990; x_wconf 91' lang='lat' dir='ltr'>victor,</span> <span class='ocrx_word' id='word_1_148' title='bbox 578 2921 697 3000; x_wconf 73' lang='lat' dir='ltr'>pauciS,</span> <span class='ocrx_word' id='word_1_149' title='bbox 713 2917 853 2999; x_wconf 86' lang='lat' dir='ltr'>adverte,</span> <span class='ocrx_word' id='word_1_150' title='bbox 868 2918 1003 2983; x_wconf 85' lang='lat' dir='ltr'>docebo.</span> 
     </span>
     <span class='ocr_line' id='line_1_25' title="bbox 280 3019 1071 3108; baseline 0.005 -26"><span class='ocrx_word' id='word_1_151' title='bbox 280 3019 421 3083; x_wconf 84' lang='lat' dir='ltr'>Arcades</span> <span class='ocrx_word' id='word_1_152' title='bbox 437 3019 484 3083; x_wconf 89' lang='lat' dir='ltr'>his</span> <span class='ocrx_word' id='word_1_153' title='bbox 500 3019 571 3097; x_wconf 84' lang='lat' dir='ltr'>oris,</span> <span class='ocrx_word' id='word_1_154' title='bbox 586 3040 681 3103; x_wconf 86' lang='lat' dir='ltr'>genus</span> <span class='ocrx_word' id='word_1_155' title='bbox 697 3043 716 3085; x_wconf 88' lang='lat' dir='ltr'>a</span> <span class='ocrx_word' id='word_1_156' title='bbox 734 3021 872 3085; x_wconf 86' lang='lat' dir='ltr'>Pallante</span> <span class='ocrx_word' id='word_1_157' title='bbox 888 3024 1071 3108; x_wconf 87' lang='lat' dir='ltr'>proiectum,</span> 
     </span>
     <span class='ocr_line' id='line_1_26' title="bbox 279 3122 1108 3211; baseline 0.006 -26"><span class='ocrx_word' id='word_1_158' title='bbox 279 3125 341 3204; x_wconf 85' lang='lat' dir='ltr'>Qui</span> <span class='ocrx_word' id='word_1_159' title='bbox 356 3145 461 3208; x_wconf 88' lang='lat' dir='ltr'>regem</span> <span class='ocrx_word' id='word_1_160' title='bbox 478 3122 659 3186; x_wconf 88' lang='lat' dir='ltr'>Evandrum</span> <span class='ocrx_word' id='word_1_161' title='bbox 674 3127 812 3205; x_wconf 82' lang='lat' dir='ltr'>comites,</span> <span class='ocrx_word' id='word_1_162' title='bbox 828 3129 881 3209; x_wconf 90' lang='lat' dir='ltr'>qui</span> <span class='ocrx_word' id='word_1_163' title='bbox 897 3129 984 3211; x_wconf 85' lang='lat' dir='ltr'>signa</span> <span class='ocrx_word' id='word_1_164' title='bbox 999 3131 1108 3207; x_wconf 88' lang='lat' dir='ltr'>secuti,</span> 
     </span>
     <span class='ocr_line' id='line_1_27' title="bbox 278 3227 1110 3314; baseline 0.006 -22"><span class='ocrx_word' id='word_1_165' title='bbox 278 3227 435 3314; x_wconf 69' lang='lat' dir='ltr'>Delegire</span> <span class='ocrx_word' id='word_1_166' title='bbox 451 3227 563 3307; x_wconf 90' lang='lat' dir='ltr'>iocum,</span> <span class='ocrx_word' id='word_1_167' title='bbox 578 3239 608 3292; x_wconf 92' lang='lat' dir='ltr'>et</span> <span class='ocrx_word' id='word_1_168' title='bbox 623 3228 756 3314; x_wconf 74' lang='lat' dir='ltr'>posudrc</span> <span class='ocrx_word' id='word_1_169' title='bbox 771 3233 802 3293; x_wconf 92' lang='lat' dir='ltr'>in</span> <span class='ocrx_word' id='word_1_170' title='bbox 818 3232 974 3295; x_wconf 88' lang='lat' dir='ltr'>montibus</span> <span class='ocrx_word' id='word_1_171' title='bbox 991 3233 1110 3312; x_wconf 89' lang='lat' dir='ltr'>urbem,</span> 
     </span>
     <span class='ocr_line' id='line_1_28' title="bbox 279 3332 965 3418; baseline 0 -22"><span class='ocrx_word' id='word_1_172' title='bbox 279 3333 428 3397; x_wconf 89' lang='lat' dir='ltr'>Pallantis</span> <span class='ocrx_word' id='word_1_173' title='bbox 442 3333 551 3418; x_wconf 75' lang='lat' dir='ltr'>proavi</span> <span class='ocrx_word' id='word_1_174' title='bbox 566 3333 606 3397; x_wconf 88' lang='lat' dir='ltr'>de</span> <span class='ocrx_word' id='word_1_175' title='bbox 621 3336 744 3396; x_wconf 88' lang='lat' dir='ltr'>nomine</span> <span class='ocrx_word' id='word_1_176' title='bbox 756 3332 965 3398; x_wconf 84' lang='lat' dir='ltr'>Pallanteum.</span> 
     </span>
    </p>

    <p class='ocr_par' dir='ltr' id='par_1_12' title="bbox 279 3436 1064 3626">
     <span class='ocr_line' id='line_1_29' title="bbox 279 3436 1064 3522; baseline 0 -20"><span class='ocrx_word' id='word_1_177' title='bbox 279 3437 325 3502; x_wconf 91' lang='lat' dir='ltr'>Hi</span> <span class='ocrx_word' id='word_1_178' title='bbox 339 3436 455 3501; x_wconf 90' lang='lat' dir='ltr'>beilum</span> <span class='ocrx_word' id='word_1_179' title='bbox 471 3437 595 3501; x_wconf 64' lang='lat' dir='ltr'>assidua</span> <span class='ocrx_word' id='word_1_180' title='bbox 610 3436 726 3502; x_wconf 90' lang='lat' dir='ltr'>ducunt</span> <span class='ocrx_word' id='word_1_181' title='bbox 740 3459 810 3500; x_wconf 84' lang='lat' dir='ltr'>cum</span> <span class='ocrx_word' id='word_1_182' title='bbox 825 3451 916 3522; x_wconf 82' lang='lat' dir='ltr'>gente</span> <span class='ocrx_word' id='word_1_183' title='bbox 932 3437 1064 3517; x_wconf 81' lang='lat' dir='ltr'>Latinti3</span> 
     </span>
     <span class='ocr_line' id='line_1_30' title="bbox 279 3539 1032 3626; baseline -0.003 -22"><span class='ocrx_word' id='word_1_184' title='bbox 279 3542 349 3605; x_wconf 91' lang='lat' dir='ltr'>Hos</span> <span class='ocrx_word' id='word_1_185' title='bbox 364 3540 473 3604; x_wconf 88' lang='lat' dir='ltr'>castris</span> <span class='ocrx_word' id='word_1_186' title='bbox 488 3539 606 3604; x_wconf 91' lang='lat' dir='ltr'>adhibe</span> <span class='ocrx_word' id='word_1_187' title='bbox 622 3543 733 3620; x_wconf 86' lang='lat' dir='ltr'>socios,</span> <span class='ocrx_word' id='word_1_188' title='bbox 748 3552 780 3603; x_wconf 87' lang='lat' dir='ltr'>et</span> <span class='ocrx_word' id='word_1_189' title='bbox 793 3539 914 3604; x_wconf 86' lang='lat' dir='ltr'>ioedera</span> <span class='ocrx_word' id='word_1_190' title='bbox 925 3542 1032 3626; x_wconf 85' lang='lat' dir='ltr'>junge.</span> 
     </span>
    </p>

    <p class='ocr_par' dir='ltr' id='par_1_13' title="bbox 274 3639 1158 4244">
     <span class='ocr_line' id='line_1_31' title="bbox 278 3639 984 3729; baseline -0.004 -21"><span class='ocrx_word' id='word_1_191' title='bbox 278 3645 348 3729; x_wconf 87' lang='lat' dir='ltr'>lpse</span> <span class='ocrx_word' id='word_1_192' title='bbox 364 3665 421 3729; x_wconf 87' lang='lat' dir='ltr'>ego</span> <span class='ocrx_word' id='word_1_193' title='bbox 437 3657 467 3708; x_wconf 87' lang='lat' dir='ltr'>te</span> <span class='ocrx_word' id='word_1_194' title='bbox 481 3643 557 3728; x_wconf 88' lang='lat' dir='ltr'>ripis</span> <span class='ocrx_word' id='word_1_195' title='bbox 573 3657 604 3707; x_wconf 86' lang='lat' dir='ltr'>et</span> <span class='ocrx_word' id='word_1_196' title='bbox 618 3655 704 3706; x_wconf 87' lang='lat' dir='ltr'>recto</span> <span class='ocrx_word' id='word_1_197' title='bbox 720 3642 844 3706; x_wconf 88' lang='lat' dir='ltr'>iiumine</span> <span class='ocrx_word' id='word_1_198' title='bbox 860 3639 984 3721; x_wconf 84' lang='lat' dir='ltr'>ducam,</span> 
     </span>
     <span class='ocr_line' id='line_1_32' title="bbox 275 3743 1086 3831; baseline 0.005 -22"><span class='ocrx_word' id='word_1_199' title='bbox 275 3745 452 3810; x_wconf 86' lang='lat' dir='ltr'>Adversum</span> <span class='ocrx_word' id='word_1_200' title='bbox 468 3749 561 3810; x_wconf 88' lang='lat' dir='ltr'>remis</span> <span class='ocrx_word' id='word_1_201' title='bbox 576 3767 704 3831; x_wconf 85' lang='lat' dir='ltr'>superes</span> <span class='ocrx_word' id='word_1_202' title='bbox 719 3743 888 3809; x_wconf 87' lang='lat' dir='ltr'>subvectus</span> <span class='ocrx_word' id='word_1_203' title='bbox 903 3759 936 3808; x_wconf 92' lang='lat' dir='ltr'>ut</span> <span class='ocrx_word' id='word_1_204' title='bbox 951 3769 1086 3813; x_wconf 87' lang='lat' dir='ltr'>amnem.</span> 
     </span>
     <span class='ocr_line' id='line_1_33' title="bbox 277 3849 1158 3937; baseline 0.002 -23"><span class='ocrx_word' id='word_1_205' title='bbox 277 3851 386 3937; x_wconf 85' lang='lat' dir='ltr'>Surge,</span> <span class='ocrx_word' id='word_1_206' title='bbox 401 3871 468 3937; x_wconf 85' lang='lat' dir='ltr'>age,</span> <span class='ocrx_word' id='word_1_207' title='bbox 482 3863 554 3914; x_wconf 87' lang='lat' dir='ltr'>nate</span> <span class='ocrx_word' id='word_1_208' title='bbox 569 3849 647 3929; x_wconf 71' lang='lat' dir='ltr'>deit,</span> <span class='ocrx_word' id='word_1_209' title='bbox 669 3852 842 3935; x_wconf 91' lang='lat' dir='ltr'>primisque</span> <span class='ocrx_word' id='word_1_210' title='bbox 856 3849 1043 3916; x_wconf 88' lang='lat' dir='ltr'>cadentibus</span> <span class='ocrx_word' id='word_1_211' title='bbox 1059 3852 1158 3931; x_wconf 69' lang='lat' dir='ltr'>astris,</span> 
     </span>
     <span class='ocr_line' id='line_1_34' title="bbox 274 3953 996 4039; baseline 0.001 -22"><span class='ocrx_word' id='word_1_212' title='bbox 274 3954 388 4017; x_wconf 84' lang='lat' dir='ltr'>Junoni</span> <span class='ocrx_word' id='word_1_213' title='bbox 403 3953 450 4016; x_wconf 86' lang='lat' dir='ltr'>ser</span> <span class='ocrx_word' id='word_1_214' title='bbox 464 3953 524 4016; x_wconf 70' lang='lat' dir='ltr'>rita</span> <span class='ocrx_word' id='word_1_215' title='bbox 539 3973 660 4038; x_wconf 68' lang='lat' dir='ltr'>preces</span> <span class='ocrx_word' id='word_1_216' title='bbox 675 3956 818 4037; x_wconf 89' lang='lat' dir='ltr'>iramque</span> <span class='ocrx_word' id='word_1_217' title='bbox 833 3955 996 4039; x_wconf 82' lang='lat' dir='ltr'>minasque</span> 
     </span>
     <span class='ocr_line' id='line_1_35' title="bbox 274 4055 1102 4143; baseline 0.001 -22"><span class='ocrx_word' id='word_1_218' title='bbox 274 4055 474 4143; x_wconf 88' lang='lat' dir='ltr'>Supplicibus</span> <span class='ocrx_word' id='word_1_219' title='bbox 489 4077 604 4141; x_wconf 89' lang='lat' dir='ltr'>supera</span> <span class='ocrx_word' id='word_1_220' title='bbox 618 4060 719 4120; x_wconf 81' lang='lat' dir='ltr'>votis:</span> <span class='ocrx_word' id='word_1_221' title='bbox 742 4055 819 4121; x_wconf 89' lang='lat' dir='ltr'>mihi</span> <span class='ocrx_word' id='word_1_222' title='bbox 835 4060 937 4122; x_wconf 87' lang='lat' dir='ltr'>victor</span> <span class='ocrx_word' id='word_1_223' title='bbox 953 4057 1102 4122; x_wconf 90' lang='lat' dir='ltr'>honorem</span> 
     </span>
     <span class='ocr_line' id='line_1_36' title="bbox 274 4156 1125 4244; baseline 0.009 -24"><span class='ocrx_word' id='word_1_224' title='bbox 274 4156 447 4223; x_wconf 86' lang='lat' dir='ltr'>Persolves.</span> <span class='ocrx_word' id='word_1_225' title='bbox 491 4157 559 4244; x_wconf 81' lang='lat' dir='ltr'>Ego</span> <span class='ocrx_word' id='word_1_226' title='bbox 574 4179 651 4237; x_wconf 91' lang='lat' dir='ltr'>sum,</span> <span class='ocrx_word' id='word_1_227' title='bbox 665 4156 759 4244; x_wconf 90' lang='lat' dir='ltr'>pleno</span> <span class='ocrx_word' id='word_1_228' title='bbox 775 4179 867 4244; x_wconf 91' lang='lat' dir='ltr'>quem</span> <span class='ocrx_word' id='word_1_229' title='bbox 883 4158 1008 4226; x_wconf 87' lang='lat' dir='ltr'>flumine</span> <span class='ocrx_word' id='word_1_230' title='bbox 1023 4160 1125 4228; x_wconf 88' lang='lat' dir='ltr'>cernis</span> 
     </span>
    </p>
   </div>
   <div class='ocr_carea' id='block_1_3' title="bbox 0 0 1382 5010">
    <p class='ocr_par' dir='ltr' id='par_1_14' title="bbox 0 0 1382 5010">
     <span class='ocr_line' id='line_1_37' title="bbox 0 0 1382 5010; baseline 0 3"><span class='ocrx_word' id='word_1_231' title='bbox 0 0 1382 5010; x_wconf 95' lang='lat' dir='ltr'> </span> 
     </span>
    </p>
   </div>
  </div>
 </body>
</html>
