2772 4998
569 465 688 530 [ABER
708 469 760 529 Xl.

165 621 301 710 Delegr't,
315 623 465 708 pacisque
479 623 579 689 bonas
594 625 733 709 bellique
748 628 923 692 ministras:

161 724 282 806 Quales
297 725 465 805 Threicia,
480 747 575 812 quum
591 727 717 794 flumina
732 729 974 796 Thermodontis

165 827 304 910 Pulsant,
318 843 350 894 et
363 830 455 916 pictis
470 831 627 896 bellantur
642 835 818 899 Amazones
833 835 946 916 armis3
1148 839 1212 900 660

165 933 227 997 Seu
242 933 361 998 choum
376 933 586 1020 Hippolyten,
600 955 655 1000 seu
671 957 765 1021 quum
780 959 814 1001 se
830 937 945 1008 Martia
960 959 1053 1003 curru

167 1035 367 1100 Penthesilea
381 1037 486 1116 refert,
501 1057 677 1124 magnoque
692 1037 828 1103 ululante
843 1038 975 1104 tumultu

164 1137 327 1204 Foeminea
343 1139 498 1206 exsultant
512 1140 623 1205 lunatis
638 1141 761 1228 agmina
775 1141 878 1227 peltis.

165 1241 269 1324 Quem
284 1243 347 1308 telo
360 1244 504 1329 primum,
519 1265 612 1328 quem
625 1255 827 1328 postremum,
843 1265 956 1332 aspera
971 1249 1070 1332 virgo,

69 1347 74 1360 ’
164 1343 309 1432 DeJicisl
329 1361 383 1412 aut
397 1361 473 1434 quot
487 1347 573 1412 humi
586 1351 751 1413 morientia
766 1369 901 1434 corpora
914 1347 1042 1415 fundis?
1147 1355 1211 1414 665

68 1510 74 1525 ,
165 1445 321 1515 Eunaeum
334 1450 442 1537 Clytio
455 1453 590 1536 primum
604 1464 704 1537 patre,
718 1453 806 1538 cujus
821 1466 965 1538 apertum

119 1574 127 1629 ‚¹
165 1551 304 1618 Adversi
320 1553 412 1641 longi
426 1555 661 1619 transverberat
675 1554 779 1618 abiete
793 1568 924 1640 pectusz

112 1654 117 1674 ‘
166 1655 333 1742 Sanguinis
351 1657 405 1721 ille
420 1679 548 1722 vomens
562 1657 647 1721 rivos
661 1655 755 1736 cadit,
770 1669 864 1742 atque
878 1670 1040 1722 cruentam

164 1759 291 1824 Mandit
306 1760 442 1840 humum,
457 1765 655 1846 moriensque
671 1783 727 1824 suo
741 1781 775 1824 se
791 1763 823 1824 in
838 1760 968 1826 vulnere
983 1775 1098 1827 versat.
1194 1809 1195 1825 t

165 1861 251 1928 Tum
263 1863 372 1944 Lirim,
386 1865 601 1951 Pagasumque
613 1865 725 1950 supir3
740 1885 871 1949 quorum
883 1864 964 1930 aher
975 1864 1117 1930 habenas
1148 1873 1212 1934 670

167 1963 306 2031 Suffosso
321 1967 480 2032 revolutus
492 1989 577 2052 equo
591 1966 666 2031 dum
681 1966 810 2054 colligit,
824 1965 905 2033 alter

165 2065 253 2133 Dum
268 2071 363 2150 subit,
377 2093 415 2135 ac
430 2071 575 2136 dextram
592 2069 710 2136 labenti
725 2071 823 2136 tendit
837 2074 999 2155 inermem,
1047 2143 1056 2166 ἱ

166 2169 353 2256 Pracipites
366 2173 546 2258 pariterque
560 2186 662 2238 ruunt.
708 2173 769 2237 His
784 2173 874 2237 addit
886 2177 1065 2241 Amastrum

167 2273 394 2360 Hippotaden3
416 2276 616 2373 sequiturque
632 2277 816 2340 incumbens
830 2277 949 2342 eminus
964 2277 1054 2343 hasti

165 2375 348 2462 Tereaque,
363 2377 659 2464 Harpalycumque,
674 2391 705 2442 et
719 2377 971 2464 Demophoonta,
985 2380 1158 2447 Chromim·

212 2501 295 2565 que:
1150 2491 1214 2549 675

168 2581 318 2668 Quotque
332 2587 447 2648 emissa
460 2605 555 2648 manu
569 2586 720 2648 contorsit
734 2581 854 2667 spicula
870 2585 969 2668 virgo,

166 2685 234 2749 Tot
249 2685 382 2773 Phrygii
395 2685 541 2752 cecidere
556 2687 626 2751 viri·
671 2683 785 2748 Procul
800 2683 941 2770 Ornytus
957 2687 1052 2750 armis

166 2789 288 2875 ignotis
302 2801 333 2853 et
347 2810 429 2874 equo
443 2801 575 2854 uenator
590 2789 709 2874 Iapyge
724 2787 841 2852 fertur:

166 2891 233 2957 cui
248 2891 340 2977 pellis
353 2892 434 2958 latos
449 2893 595 2958 humeros
610 2905 718 2978 erepta
729 2893 866 2979 juvenco

169 2996 343 3082 Pugnatori
357 3000 460 3082 operit
473 3023 483 3078 3
504 3009 599 3084 caput
613 2999 721 3082 ingens
735 2997 798 3061 oris
814 2995 917 3060 hiatus
1153 3003 1217 3062 660

167 3098 212 3162 Et
229 3099 319 3162 malae
335 3099 445 3164 tenire
460 3099 525 3186 lupi
539 3121 610 3164 cum
625 3099 772 3164 dentibus
786 3099 887 3180 albis3

168 3201 376 3288 agrestisque
391 3223 501 3266 manus
516 3214 618 3266 armat
632 3221 764 3286 sparus:
787 3201 854 3285 ipse
867 3203 1004 3266 catervis

167 3305 319 3370 Vertitur
333 3299 370 3368 in'
378 3303 502 3384 mediis,
517 3318 548 3369 et
562 3317 627 3368 toto
642 3303 761 3368 vertice
775 3304 870 3389 supra
885 3317 940 3370 est.

168 3407 270 3472 Hunc
286 3405 342 3472 illa
356 3421 534 3493 exceptum,
548 3427 650 3492 neque
666 3409 749 3472 enim
764 3405 857 3470 labor
871 3409 994 3491 agmine
1007 3427 1110 3488 verso,

167 3509 317 3596 Trajicit,
332 3523 363 3573 et
378 3531 473 3595 super
487 3509 555 3574 haec
571 3510 697 3574 inimico
711 3519 841 3593 pectore
856 3507 961 3572 satur:
1157 3517 1219 3574 685

169 3614 268 3678 Silvis
283 3626 324 3694 te,
339 3613 520 3700 Tyrrhena,
535 3613 621 3678 ieras
636 3613 756 3699 agitare
771 3611 908 3699 petisti?

169 3717 312 3782 Advenit
328 3721 382 3802 qui
396 3729 502 3783 vestra
517 3717 585 3782 dies
599 3717 804 3782 muliebribus
819 3717 914 3781 armis

169 3821 288 3886 Verba
303 3820 511 3908 redarguerit.
556 3821 678 3886 Nomen
694 3833 798 3885 tamen
814 3819 898 3885 haud
914 3819 984 3884 leve
998 3833 1122 3904 patrum

168 3923 325 3988 Manibus
340 3922 401 3989 hoc
416 3923 546 4003 referes,
560 3923 623 3988 telo
638 3923 791 3988 cecidisse
806 3923 961 3987 Camilla.

171 4025 328 4090 Protenus
343 4026 543 4090 Orsilochum
560 4039 592 4090 ct
606 4025 718 4105 Buten,
732 4024 796 4090 duo
810 4025 948 4090 maxima
963 4025 1123 4091 Teucrtim
1160 4031 1224 4092 690

171 4129 343 4217 Corpora:
366 4131 423 4195 sed
439 4131 541 4195 Buten
556 4151 701 4195 aversum
716 4129 847 4216 cuspide
863 4129 932 4193 lixit

171 4236 325 4302 loricam
340 4236 526 4324 galeamque
541 4236 630 4316 inter,
645 4235 707 4320 quei
722 4233 805 4298 colla
820 4233 957 4298 sedentis
