2928 5002
578 356 864 423 BUGOLlGORUM

567 777 808 858 annona
835 777 886 857 x,
936 854 940 864 ,
976 800 1000 886 ·.

654 1103 792 1152 GALLVS.

234 1235 426 1302 Exnanuuu
441 1234 533 1309 hunc,
544 1231 708 1309 Arethusa,
725 1231 798 1296 mihi
813 1232 952 1298 conceda
968 1235 1103 1302 laborem
1117 1264 1125 1302 r

233 1343 340 1408 Pauca
355 1361 425 1404 meo
441 1339 542 1413 Gallo,
558 1338 614 1400 sed
630 1359 695 1423 que
711 1338 793 1421 legat
807 1337 873 1424 ipsa
888 1339 1030 1424 Lycoris,

234 1443 380 1510 cumina
395 1457 464 1508 sunt
478 1444 632 1508 dicenda:
654 1456 747 1527 negot
762 1444 828 1527 quis
844 1447 979 1516 enemim
995 1448 1109 1514 Gallo?

234 1551 288 1615 Sic
303 1551 367 1629 tibi,
379 1572 472 1636 quum
487 1550 598 1616 fluctus
612 1547 818 1614 subterlabere
835 1547 974 1629 Sicanos,

234 1655 329 1721 Doris
344 1677 447 1720 amara
462 1677 548 1720 suan
563 1675 623 1720 non
638 1655 993 1750 intermisceatuundam!
1137 1670 1141 1680 ·
1237 1664 1256 1720 5

235 1760 341 1848 Incipe
358 1784 366 1824 :
388 1762 532 1827 sollicitos
546 1761 626 1826 Galli
642 1761 782 1826 dicamus
798 1783 930 1842 amores,

236 1868 322 1934 Dum
337 1883 442 1932 tenera
457 1868 613 1932 attondent
627 1867 709 1930 sime
724 1866 850 1950 virgulta
866 1869 1004 1954 capello.

237 1973 308 2040 Non
324 1975 461 2038 canimus
477 1973 595 2052 surdis3
618 1973 802 2058 respondent
816 1976 918 2039 omnia
933 1975 1025 2040 silvae.

281 2075 359 2152 Qua
374 2097 510 2156 nemora,
526 2091 578 2140 aut
593 2077 644 2162 qui
654 2096 709 2140 vos
724 2075 817 2140 saltus
831 2077 977 2156 habuere,
992 2077 1100 2164 puelle

237 2181 367 2257 Naides,
382 2181 505 2266 indigno
521 2201 614 2266 quum
630 2179 737 2244 Gallus
752 2201 856 2244 amore
871 2181 1010 2266 periret?
1217 2190 1258 2248 10
1349 2245 1352 2252 ,

238 2285 320 2351 Nam
335 2307 436 2372 neque
452 2286 596 2352 Parnassi
610 2287 696 2351 vobis
706 2286 792 2371 juga,
807 2308 878 2351 nana
893 2308 994 2371 neque
1009 2287 1100 2354 Pindi

236 2389 308 2456 Ulla
324 2412 440 2456 moram
455 2391 570 2470 iecere,
585 2412 686 2476 neque
701 2391 801 2456 Aonia
813 2391 986 2478 Aganippe.

236 2495 326 2561 Illum
342 2501 434 2564 etiam
448 2498 536 2577 lauri,
553 2498 644 2561 etiam
656 2495 770 2562 llevdne
785 2497 932 2580 myrica5
1049 2534 1054 2548 ·

236 2595 354 2668 Pinifer
370 2605 453 2670 illurn
470 2605 562 2668 etiam
577 2601 643 2668 soli
658 2603 713 2667 sub
728 2623 804 2688 rupe
816 2602 972 2687 jacentem

237 2707 385 2772 Maenalus
401 2723 431 2772 et
446 2707 539 2791 gelidi
554 2705 702 2771 fleverunt
718 2727 793 2770 saxa
808 2705 926 2788 Lycei.
1218 2717 1257 2774 15

239 2813 326 2874 Stant
341 2825 372 2874 et
386 2831 461 2873 oves
476 2808 612 2886 circium3
633 2808 725 2870 nostri
742 2829 799 2871 nec
815 2809 942 2892 poenitet
955 2810 1042 2876 illas:

236 2914 308 2979 Nec
322 2929 353 2978 to
370 2913 517 2999 poeniteat
531 2911 663 2997 peeoris,
680 2910 780 2975 divine
795 2914 886 2997 polita
899 2935 909 2992 3

237 3017 280 3083 Et
296 3019 445 3085 formosus
459 3035 533 3080 oves
548 3015 586 3080 ad
602 3014 726 3081 flumina
742 3017 823 3102 pavit
835 3018 964 3086 Adonis·

280 3123 374 3190 Venit
386 3140 417 3187 et
432 3122 545 3208 upilio;
566 3124 644 3187 tardi
658 3120 771 3187 venere
786 3123 909 3189 bubulci
922 3148 933 3206 ς

238 3231 357 3297 Uvidus
372 3227 499 3295 hibernii
513 3230 594 3294 venit
610 3230 649 3294 de
661 3229 770 3313 glande
787 3229 967 3296 Menalcas:
1216 3243 1260 3302 20

240 3336 369 3412 Omnes,
383 3332 476 3398 Unde
492 3355 576 3397 amor
592 3334 660 3412 iste,
675 3348 792 3417 rogant,
808 3335 886 3400 tibi?
909 3333 1001 3400 Venit
1015 3337 1148 3423 Apollo:

240 3439 342 3518 Galle,
359 3439 431 3524 qnid
444 3438 582 3504 insanis?
605 3439 723 3524 inquit:
746 3453 798 3503 tua
813 3460 887 3504 cura
902 3439 1033 3524 Lycoris

240 3545 364 3631 Perque
380 3545 465 3609 nives
480 3544 571 3607 alium
586 3564 703 3628 perque
718 3544 840 3609 horrida
855 3559 954 3610 castra
969 3560 1075 3612 secuta
1089 3563 1146 3614 est.

239 3647 334 3714 Venit
348 3664 379 3713 et
395 3650 504 3734 agresti
519 3648 626 3733 capitis
643 3649 783 3714 Silvanus
797 3640 923 3727 honore}

241 3753 402 3820 Florentes
417 3753 530 3818 ferulas
545 3767 576 3816 et
591 3753 715 3837 grandia
730 3753 791 3817 lilia
806 3775 962 3838 quassans.
1217 3759 1260 3820 25

151 3853 158 3864 ’
242 3861 322 3939 Pan,
338 3861 415 3925 deus
429 3858 581 3936 Arcadiae,
596 3859 689 3937 venit,
706 3880 797 3943 quem
812 3860 942 3925 vidimus
956 3861 1013 3946 ipsi

243 3964 424 4051 Sanguineis
440 3965 520 4029 ebuli
535 3965 638 4029 baccis
654 3965 806 4050 minioque
821 3965 1001 4030 rubentem:
1068 3979 1074 3984 ·

243 4067 361 4157 Ecquis
376 4068 433 4134 erit
447 4069 581 4132 modus?
604 4068 721 4155 inquit;
743 4069 839 4136 Amor
854 4091 915 4136 non
929 4071 1000 4136 talia
1014 4084 1121 4134 curat:
