2648 5288
136 44 178 93 bt
191 41 265 91 sans
280 35 411 91 Ausonii
425 29 618 91 lustrartdum
631 25 765 91 novibus

136 130 314 215 infernique
330 130 426 209 lacus,
441 128 598 215 AEoeaeque
613 128 713 195 incula
726 128 768 194 ct

135 236 237 319 Quam
251 234 316 299 tutfi
329 233 429 320 poncio
442 234 554 299 urbem
567 254 758 321 componere

136 337 232 423 Signa
246 338 303 402 tibi
319 334 441 401 dicam:
464 349 497 401 tu
510 334 640 409 condita
652 348 757 403 mente

134 440 238 523 Quum
252 440 309 505 tibi
323 438 589 515 sollicitocecretl
598 438 641 505 ad
656 438 771 507 flumini

134 542 281 613 Littoreis
296 546 405 629 ingens
419 543 545 611 irruente
559 543 618 609 oub
632 541 759 609 ilicibus

134 645 276 732 Triginta
290 647 429 731 capitum
443 647 535 711 frutus
549 646 653 725 enixu,
663 644 772 730 jacobi

133 747 228 829 Albo,
242 747 309 813 solo
323 748 488 827 recubans,
502 745 568 813 albi
582 750 702 813 οἰωιιω
715 746 774 813 ube

134 849 164 913 ls
179 849 265 914 locus
279 848 366 913 urbis
381 851 464 931 orit3
485 852 611 934 requies
625 870 664 915 ea
676 861 767 915 corta

132 953 163 1018 N
165 976 202 1018 ec
216 967 249 1017 tu
264 974 441 1021 mensunuu
454 974 574 1017 morsus
590 952 739 1027 horresce
752 952 776 1019 n

133 1056 214 1123 Fata
227 1060 312 1121 viam
326 1056 494 1136 invenient,
508 1054 674 1145 oderitque
688 1070 777 1125 vocat

132 1159 205 1224 Has
219 1171 323 1223 autem
338 1178 448 1239 terras,
463 1156 596 1243 Italique
610 1157 693 1227 hooc
708 1156 778 1225 litto

134 1262 282 1337 Proxima
296 1284 366 1349 quoe
381 1264 478 1331 nostri
492 1260 689 1347 pertunditur
701 1284 779 1347 equ

132 1366 261 1455 Effuge3
282 1380 396 1431 cuncta
410 1365 501 1434 molis
515 1364 697 1433 habitantur
709 1384 780 1431 moer

132 1470 199 1533 Hic
215 1482 246 1534 et
261 1468 395 1555 Narycii
413 1483 584 1553 potuerunt
596 1468 713 1537 moeniu
726 1467 781 1535 Lo

130 1572 173 1637 Et
188 1568 374 1635 Sallentinos
387 1569 512 1633 obsedit
526 1570 625 1637 milite
638 1591 769 1657 compos

131 1675 265 1761 Lyctius
279 1672 483 1737 ldomeneust
505 1670 559 1737 htc
573 1670 629 1737 illa
641 1672 732 1743 docio
746 1672 781 1739 M

132 1776 236 1840 Parva
250 1772 433 1839 Philoctete
447 1773 581 1839 subnixa
596 1772 709 1841 Petilia
721 1798 784 1847 mur

130 1880 224 1962 Qun,
238 1877 293 1941 ubi
307 1874 494 1943 nonnose
508 1880 650 1943 steterint
664 1890 784 1945 tram

130 1983 173 2048 Et
185 1982 292 2068 positis
306 1980 370 2045 aria
378 1981 447 2067 jam
461 1993 535 2047 vota
549 1984 582 2047 in
596 1980 700 2049 littore
714 1982 785 2049 oolu

131 2088 292 2173 Purpureo
306 2083 413 2150 velare
427 2104 533 2149 comas
547 2083 786 2171 adoperturorul

129 2189 180 2255 Ne
195 2210 257 2275 qua
271 2192 352 2255 inter
365 2200 490 2253 sanctos
504 2190 593 2275 ignes
607 2192 640 2254 in
655 2188 775 2257 bonore

130 2293 264 2359 Hostilio
278 2293 377 2357 facies
391 2306 546 2373 occurrat,
560 2306 592 2359 et
604 2295 710 2359 omina
724 2294 788 2361 turl

129 2395 227 2461 Hunc
240 2396 317 2461 socii
330 2416 448 2463 morem
462 2416 632 2477 sacrorum,
646 2396 730 2464 bunc
743 2398 789 2483 ipa

129 2498 204 2565 Hac
218 2502 297 2565 casti
313 2511 459 2565 maneant
472 2498 503 2569 in
517 2498 681 2587 relligione
693 2514 789 2589 nepot

133 2604 185 2652 Aet
209 2602 263 2650 nulii
278 2601 449 2647 dimam...
466 2602 577 2640 etna..
592 2616 622 2636 A.
639 2602 706 2634 Α-.
734 2626 752 2630 ..
