2890 5002
1206 329 1237 370 l

122 363 125 376 '
244 381 282 444 rr
637 382 927 444 nnoaufflonutt
1091 449 1129 502 s
1148 369 1203 432 s·

288 531 411 601 Interea
426 538 540 602 teneris
554 534 726 620 tepefactus
742 538 770 600 in
787 536 906 601 ossibus
920 535 1061 604 humor

291 637 433 720 AEstuat3
456 655 488 703 et
502 641 628 706 visenda
643 641 742 706 modis
758 639 901 704 animalia
916 639 1010 717 miris,

290 742 417 810 Trunca
433 746 546 831 pedum
563 745 672 833 primo,
687 767 762 810 mcx
777 761 810 811 et
824 745 981 810 stridentia
996 745 1114 830 pennis,
1258 743 1319 804 310

291 848 474 928 Miscentur,
490 865 676 936 tenuemque
692 847 789 936 magis
806 847 902 934 magis
918 849 990 914 adra
1005 860 1155 934 carpunt:

292 954 416 1034 Donec,
434 970 466 1020 ut
483 957 592 1022 estivis
606 956 722 1022 effusus
738 957 867 1022 nubibus
882 955 992 1034 imber,

293 1061 435 1146 Erupdre
449 1086 459 1143 3
483 1078 535 1127 aut
550 1080 583 1128 nt
598 1081 692 1126 nervo
707 1063 845 1147 pulsante
863 1062 989 1144 sagitte,

293 1166 401 1234 Prima
417 1170 500 1233 leves
512 1169 654 1233 ineuntsi
669 1169 792 1252 qnando
807 1167 914 1252 praelia
929 1166 1047 1230 Parthi.

339 1274 419 1351 Quis
435 1277 511 1338 deus
527 1275 617 1352 hanc,
633 1272 742 1350 Musa,
759 1273 827 1356 quis
842 1272 929 1336 nobis
941 1271 1061 1334 extudit
1076 1269 1200 1336 artem?
1259 1271 1321 1330 315

294 1379 387 1460 Unde
400 1401 477 1442 nova
493 1381 645 1462 ingressus
661 1379 818 1442 bominum
833 1377 1023 1462 experientia
1038 1376 1143 1462 cepit?

337 1486 448 1549 Pastor
462 1485 619 1560 Aristeus,
636 1483 755 1567 lugiens
772 1481 889 1548 Peneia
905 1481 1040 1564 Tempe,

293 1592 433 1669 Amissis,
450 1604 483 1654 ut
498 1590 590 1668 sarna,
607 1592 715 1675 apibus
729 1591 898 1673 morboque
915 1589 1068 1672 tarneque,

200 1687 202 1700 '
293 1698 404 1761 Tristis
420 1698 459 1759 ad
475 1695 606 1760 extremi
621 1715 741 1758 sacrum
757 1709 850 1777 ceput
865 1694 977 1758 adstitit
992 1691 1099 1766 amab,

295 1798 394 1864 Multa
411 1821 553 1884 querens,
568 1813 659 1882 atque
676 1799 735 1863 hac
751 1798 859 1862 affatus
875 1817 952 1864 voce
967 1809 1147 1881 parentemt
1263 1797 1327 1858 320

294 1905 407 1984 Mater,
424 1905 549 1989 Cyrene
566 1920 674 1983 mater,
691 1927 757 1990 que
774 1905 901 1989 gurgitis
915 1905 1004 1990 hujus

292 2013 359 2077 lma
374 2027 472 2089 tenes,
489 2011 559 2094 quid
577 2031 627 2074 me
644 2009 790 2094 preclare
804 2011 898 2094 stirpe
914 2011 1048 2076 deorum

295 2117 346 2204 (Si
362 2117 466 2196 modu,
484 2137 577 2202 quem
592 2117 746 2200 perhihes,
758 2130 846 2200 patet
862 2129 909 2180 est
923 2109 1129 2198 Thymbraeus
1143 2113 1273 2202 Apollo)

270 2229 274 2239 “
293 2221 428 2288 Invisum
444 2221 512 2286 satis
527 2221 683 2305 genuisti?
707 2227 759 2286 an't
774 2220 835 2306 qud
850 2220 904 2284 tihi
919 2217 1014 2284 nostri

295 2326 408 2392 Pulsus
424 2327 535 2392 amor?
560 2327 632 2411 qnid
648 2347 698 2392 me
714 2327 829 2392 coelom
844 2345 967 2412 sperare
979 2325 1136 2411 jubebas?
1264 2328 1326 2388 825

296 2433 347 2500 En
365 2435 551 2528 etiamlhnno
566 2434 665 2517 ipsum
678 2435 745 2498 vite
761 2432 896 2498 mortalis
911 2433 1071 2512 honorem,

296 2541 404 2616 Quem
420 2542 494 2606 mihi
507 2542 558 2604 vix
575 2538 695 2624 srngutn
713 2554 745 2605 et
760 2541 915 2626 pecudum
930 2539 1072 2605 comodis
1086 2537 1182 2603 solers
1416 2549 1417 2640 y

296 2645 411 2714 Omnia
426 2649 551 2712 tentanti
567 2648 739 2722 extuderat,
756 2661 786 2712 te
804 2645 1076 2729 muneratisque.
1416 2641 1417 2662 ¹

298 2749 383 2825 Quin
400 2773 468 2834 age,
484 2767 515 2816 ct
530 2753 595 2835 ipsa
612 2772 702 2816 manu
719 2749 827 2816 salices
843 2771 916 2814 erue
932 2749 1034 2827 silvas,
1416 2741 1417 2824 l

299 2855 363 2920 Fer
379 2855 526 2918 stabulis'
517 2854 673 2916 mimicum
690 2855 803 2934 ignem,
820 2867 911 2935 atque
926 2853 1064 2919 interfice
1081 2853 1329 2930 messeanam

297 2959 363 3022 Ure
380 2974 455 3035 sata,
472 2973 502 3021 et
517 2955 672 3020 validam
665 2978 694 3020 m
711 2958 787 3021 vites
802 2958 909 3022 molire
926 2959 1101 3044 bipennem,

298 3063 402 3128 Tanta
413 3085 489 3128 mee
505 3062 530 3126 si
546 3075 576 3124 te
592 3077 739 3148 ceperunt
754 3064 843 3128 tedia
857 3063 967 3132 laudis.

342 3172 386 3236 At
400 3187 497 3236 mater
514 3169 644 3234 sonitum
660 3169 794 3234 thalamo
809 3170 866 3236 sub
880 3170 1013 3236 fluminis
1027 3171 1080 3236 alti

301 3277 413 3344 Sensit.
438 3273 519 3343 Eam
535 3277 651 3342 circum
666 3273 789 3342 Milesia
802 3276 917 3366 yellem
933 3275 1085 3362 Nymphae

299 3384 488 3469 Carpebant,
503 3382 586 3468 hyali
600 3397 702 3448 saturo
719 3379 821 3448 fucata
834 3383 957 3446 coloret

300 3489 494 3576 Drymoqne,
511 3481 708 3572 Xanthoque,
725 3486 896 3573 Ligeaque,
912 3486 1176 3572 Phyllodoceque,

299 3599 467 3666 Cesariem
484 3598 586 3662 effuse
601 3598 726 3664 nitidam
742 3597 944 3682 percandida
959 3595 1061 3674 collat

301 3706 442 3794 [Nesea
460 3705 607 3791 Spioque,
623 3704 807 3789 Thaliaque,
824 3703 1068 3788 Cymodoceque
1082 3701 1108 3790 ς]
1243 3731 1245 3738 ·

301 3811 518 3900 Cydippeque,
530 3823 562 3874 et
576 3811 655 3876 flava
670 3809 831 3894 Lycorias,
839 3809 982 3892 altera
954 3831 1050 3892 ango,

300 3921 407 3987 Altera
421 3932 485 3982 tum
502 3918 617 4002 primos
630 3917 756 3982 Lucinae
773 3929 901 4001 experta
916 3915 1057 3996 labotes,

242 4032 250 4070 ·'
301 3996 419 4111 cto(
396 4045 447 4106 e,
464 4036 494 4086 et
510 4021 613 4087 Beroe
628 4041 726 4100 soror,
743 4019 942 4086 Oceanitides
958 4020 1065 4098 ambe,

301 4131 408 4204 hurbe
424 4149 510 4206 auro,
525 4127 615 4213 pictis
630 4127 767 4194 incincte
783 4125 912 4213 pellibus
928 4125 1045 4204 ambe3
