2792 4998
480 403 596 464 LIBER
616 405 678 466 Xll.

99 552 161 622 Sed
176 574 278 640 neque
291 568 469 622 currentem
484 579 528 637 se,
543 581 600 625 nec
615 565 775 647 cognoscit
790 575 922 645 euntem,

100 656 313 723 Tollentemve
328 681 431 741 manu,
447 681 618 747 saxumque
633 668 769 760 immane
785 681 971 732 moventem.
1024 685 1029 692 ·

95 763 207 827 Genua
223 763 350 845 labant3
372 764 494 851 gelidus
508 769 667 832 concrevit
682 770 797 855 frigore
812 775 948 858 sanguis.
1072 776 1133 835 905

101 864 178 930 Tum
195 866 275 952 lapis
290 870 358 954 ipse
373 869 443 948 viri,
459 889 591 934 vacuum
611 872 775 956 perinane
789 872 921 954 volutus,

99 965 164 1032 Nec
180 969 313 1054 spatium
329 970 428 1046 evasit
442 983 547 1050 totum,
562 993 620 1036 nec
635 969 766 1057 pertulit
778 977 885 1038 ictum.

97 1072 144 1134 Ac
159 1069 290 1135 velutin
305 1075 430 1151 somnis,
444 1072 551 1138 oculos
567 1073 622 1136 ubi
638 1074 784 1160 languida
799 1079 913 1160 pressit

96 1173 197 1239 Nocte
213 1175 309 1259 quies,
324 1174 537 1260 nequidquam
552 1173 662 1240 avidos
677 1175 848 1240 extendere
862 1199 972 1242 cursus

96 1275 191 1342 Velle
207 1276 358 1356 videmur,
373 1291 404 1341 et
419 1281 450 1341 in
466 1275 577 1341 mediis
591 1277 754 1342 conatibus
768 1283 845 1366 aegri
1072 1285 1134 1342 910
1234 1301 1246 1328 ·

97 1377 310 1458 Succidimus3
332 1402 394 1445 non
409 1380 514 1466 lingua
527 1379 621 1461 valet,
636 1403 697 1446 non
711 1402 846 1467 corpore
859 1394 940 1448 notae

93 1482 255 1548 Sufficiunt
269 1485 373 1563 vires3
394 1503 453 1547 nec
469 1505 530 1548 vox
545 1497 598 1548 aut
612 1483 711 1548 verba
726 1496 916 1569 sequuntur:

94 1587 145 1649 Sic
161 1587 281 1666 Turno,
296 1586 492 1672 qudcumque
506 1590 591 1652 viam
606 1589 719 1653 virtute
733 1589 852 1672 petivit,

92 1689 279 1755 Successum
294 1690 356 1755 dea
370 1689 440 1755 dita
455 1703 558 1778 negat.
602 1691 683 1755 Tum
697 1703 825 1776 pectore
840 1709 949 1755 sensus

91 1789 268 1856 vertuntur
282 1796 373 1858 varii.
418 1793 550 1858 Rutulos
566 1792 728 1880 adspectat
743 1807 774 1859 et
788 1795 910 1875 urbem,
1068 1799 1130 1860 91⁵

87 1895 329 1981 Cunctaturque
343 1911 436 1977 metu,
452 1897 608 1984 telumque
621 1902 740 1963 instare
751 1899 917 1978 tremiscit3

84 1997 156 2064 Nec
173 1999 241 2086 quo
255 2021 290 2065 se
305 2002 426 2087 eripiat,
440 2021 499 2065 nec
514 1999 576 2086 qui
590 2005 622 2066 vi
637 2001 744 2067 tendat
758 1987 791 2066 in
806 2001 937 2081 hostem,

82 2106 153 2172 Nec
170 2131 286 2173 currus
303 2129 432 2194 usquam
448 2108 542 2189 videt,
557 2113 739 2195 aurigamve
755 2129 904 2172 sororem.

124 2213 305 2278 Cunctanti
320 2212 414 2278 telum
433 2213 545 2278 AEneas
559 2213 653 2278 fatale
667 2224 822 2292 coruscat,

79 2317 224 2380 Sortitus
237 2316 392 2380 somenam
407 2316 516 2396 oculis,
530 2329 562 2379 et
576 2337 709 2401 corpore
723 2327 789 2379 toto

75 2415 222 2482 Eminus
237 2420 405 2502 intorquet.
449 2417 565 2484 Murali
576 2418 703 2484 concita
717 2435 876 2498 nunquam

74 2521 263 2586 Tormento
278 2522 323 2586 sic
338 2542 416 2585 saxa
431 2513 575 2599 fremunt,
590 2541 647 2584 nec
663 2518 791 2583 fulmine
806 2517 885 2582 tanti

68 2621 266 2689 Dissultant
281 2624 428 2708 crepitus.
473 2621 569 2686 Volat
584 2626 645 2687 atri
660 2621 793 2685 turbinis
808 2621 904 2686 instar

69 2725 230 2790 Exitium
245 2725 348 2789 dirum
364 2725 454 2790 hasta
470 2725 597 2804 ferens;
617 2720 902 2808 orasquerecludit

63 2829 219 2910 1nricae,
237 2841 268 2893 et
282 2828 390 2914 clypei
406 2843 561 2892 extremos
575 2827 786 2912 septemplicis
800 2826 913 2891 orbes:
1066 2833 1126 2890 925

63 2933 132 2997 Per
147 2931 301 2998 medium
316 2931 450 2995 stridens
464 2931 573 2994 transit
587 2930 696 2994 lemur.
742 2927 853 2994 incidit
867 2931 947 2992 ictus

59 3039 187 3123 lngens
206 3033 254 3100 ad
271 3047 388 3097 terram
402 3030 562 3118 duplicato
577 3030 694 3117 poplite
708 3030 843 3096 Turnus.

54 3138 284 3224 Consurgunt
299 3135 414 3222 gemitu
430 3133 548 3213 Rutuli,
563 3147 706 3218 totusque
720 3135 854 3219 remugit

51 3243 158 3306 Mons
175 3235 324 3318 cir-etim,
339 3251 369 3301 et
383 3259 494 3302 vocem
510 3236 572 3302 late
587 3257 714 3302 nemora
730 3236 793 3300 alta
807 3234 975 3299 remittunt.

46 3343 121 3426 llle,
140 3342 291 3410 humilis
302 3340 506 3426 supplexque,
516 3339 623 3405 oculos
634 3339 839 3423 dextramque
851 3347 1030 3422 precantem
1057 3342 1119 3400 930

47 3447 300 3514 Protendens:
324 3443 478 3528 Equidem
493 3443 601 3524 merui,
615 3463 672 3507 nec
688 3442 852 3528 deprecor,
867 3439 983 3522 inquit:

43 3549 158 3617 Utere
178 3559 283 3614 sorte
299 3545 362 3609 tuei.
407 3544 516 3610 Miseri
530 3559 561 3608 te
575 3546 602 3609 si
617 3565 679 3628 qua
694 3545 834 3629 parentis

38 3657 220 3743 Tangere
239 3671 324 3714 cura
340 3661 450 3734 potest,
464 3671 520 3713 oro
534 3649 609 3728 (luit
624 3661 655 3712 et
670 3647 728 3712 tibi
743 3646 814 3710 talis

37 3760 230 3826 Anchises
251 3751 412 3839 genitor),
427 3750 533 3815 Dauni
546 3751 695 3816 miserere
710 3761 866 3828 senectae3

35 3867 81 3928 Et
98 3885 174 3942 me,
193 3878 269 3924 seu
284 3875 399 3940 corpus
414 3853 577 3940 spoliatum
593 3854 709 3917 lumine
723 3854 833 3932 mavis,
1058 3855 1118 3916 935

33 3969 170 4034 Redde
192 3959 303 4028 meis.
348 3957 471 4038 Vicisti,
486 3971 516 4022 et
531 3960 647 4021 victum
662 3955 791 4020 tendere
804 3953 926 4041 palmas

29 4071 187 4138 Ausonii
209 4059 358 4129 vidire:
381 4074 432 4125 tua
449 4074 496 4126 est
510 4059 643 4126 Lavinia
658 4060 783 4144 conjux.

310 4169 352 4228 50
