2756 5010
230 429 290 484 242
582 419 772 484 AENEIDOS
793 421 909 484 LIBER
929 422 978 483 Vi.

274 576 401 654 Gnate,
416 577 572 661 ingentem
587 573 703 640 luctum
719 597 758 640 ne
774 595 880 660 quaere
897 589 1037 655 tuorum3

276 677 449 743 Ostendent
463 681 555 742 terris
572 679 653 743 hunc
670 675 788 742 tantum
803 679 878 758 iata,
892 701 993 763 neque
1009 677 1092 742 ultrei

277 783 355 848 Esse
370 786 481 846 sinent.
526 780 665 846 Nimium
680 783 771 846 vobis
787 781 931 846 Romana
946 803 1087 869 propago

278 886 358 952 Visa
375 900 494 972 potens,
510 887 632 970 Superi,
648 887 776 970 propria
794 885 861 949 haec
878 884 1000 950 sidona
1016 886 1154 950 fuissent.

278 989 417 1072 Quantos
434 987 486 1050 ille
502 987 603 1052 virfim
618 1008 761 1073 magnum
778 989 930 1052 Mavortis
946 987 986 1052 ad
1003 987 1114 1052 urbem

278 1091 418 1177 Campus
433 1107 503 1178 aget
517 1093 666 1178 gemitus!
689 1091 739 1156 vel
756 1114 836 1177 quae,
851 1093 1012 1172 Tiberine,
1027 1091 1150 1156 videbis

281 1195 414 1275 Funera,
430 1217 523 1280 quum
540 1194 688 1259 tumulum
702 1195 929 1280 praeterlabere
945 1197 1119 1260 recentem!

280 1297 347 1362 Nec
364 1319 442 1383 puer
458 1296 554 1361 iliaca
570 1301 735 1382 quisquam
750 1297 790 1360 de
805 1313 896 1384 gente
912 1300 1043 1363 Latinos

281 1400 315 1464 ln
331 1412 447 1464 tantum
463 1421 518 1484 spe
534 1399 621 1463 tollet
636 1421 731 1478 avos;
755 1422 812 1464 nec
829 1399 964 1466 Romulo
979 1399 1137 1486 quondam

283 1501 356 1566 Ullo
371 1523 404 1566 se
420 1499 537 1566 tantbm
553 1499 643 1570 tellus
654 1501 789 1587 jactabit
804 1502 940 1568 alumno.

281 1605 356 1668 Heu
372 1605 491 1688 pietas!
515 1602 575 1666 heu
591 1606 695 1688 prisca
712 1603 805 1668 fides!
829 1608 1008 1690 invictaque
1024 1604 1109 1670 bello

283 1707 445 1770 Dextera!
468 1727 529 1769 non
544 1705 590 1768 illi
605 1729 638 1769 se
654 1710 819 1791 quisquam
835 1709 961 1794 impune
977 1707 1097 1772 tulisset

282 1808 403 1872 Obvius
419 1821 549 1886 armato,
565 1830 619 1871 seu
636 1830 730 1892 quum
746 1808 843 1893 pedes
860 1809 917 1873 iret
932 1813 963 1874 in
980 1810 1111 1890 hostem,

284 1911 345 1974 Seu
360 1912 530 1994 spumantis
546 1909 618 1992 equi
635 1908 756 1972 foderet
771 1908 949 1974 calcaribus
965 1932 1081 1975 armos.

283 2017 377 2079 Heu!
401 2013 579 2078 miserande
595 2035 682 2099 puer,
697 2017 723 2076 si
740 2014 802 2098 quis
817 2015 882 2079 sata
897 2037 1010 2101 aspera
1025 2037 1161 2101 rumpas

283 2119 332 2181 Tu
349 2115 518 2192 Marcellus
535 2119 608 2180 eris.
654 2115 803 2180 Manibus
818 2116 892 2181 date
907 2117 975 2182 lilia
989 2117 1107 2203 plenis:

284 2221 460 2305 Purpureos
476 2242 621 2306 spargam
637 2219 739 2299 flores,
754 2224 953 2306 animamque
968 2225 1092 2306 nepotis

284 2325 346 2387 His
362 2324 471 2387 saltem
488 2323 680 2390 accumulem
696 2323 794 2404 donis,
809 2339 840 2388 et
855 2327 966 2412 fungar
985 2327 1070 2390 inani

286 2425 428 2489 Munere.
474 2426 525 2490 Sic
541 2425 604 2488 total
619 2425 734 2510 passim
750 2429 877 2512 regione
892 2439 1046 2513 vagantur

286 2529 377 2592 Abris
392 2533 423 2591 in
439 2529 558 2612 campis
574 2527 655 2608 latis,
669 2541 763 2612 atque
778 2529 882 2592 omnia
898 2528 1039 2593 lustrant.

285 2633 363 2714 Quae
378 2644 542 2716 postquam
558 2631 712 2694 Anchises
728 2644 833 2694 natum
848 2652 906 2714 per
921 2631 1044 2718 singula
1058 2629 1156 2712 duxit,

287 2734 490 2818 incenditque
505 2736 640 2798 animum
656 2735 747 2797 samae
763 2737 916 2796 venientis
932 2757 1056 2814 amore;

259 2859 264 2872 ·
288 2839 370 2904 Exin
387 2838 471 2901 bella
486 2841 554 2901 viro
570 2851 719 2902 memorat
735 2858 802 2922 que
817 2837 932 2904 deinde
946 2840 1096 2927 gerenda,

288 2941 524 3024 Laurentesque
539 2939 632 3004 docet
646 2939 787 3024 populos,
802 2943 973 3028 urbemque
988 2944 1105 3026 Latini,

289 3045 329 3108 Et
344 3065 405 3126 quo
421 3065 575 3128 quemque
591 3043 683 3106 modo
699 3043 857 3130 fugiatque
874 3047 1016 3132 seratque
1032 3047 1184 3114 laborem.
1367 3008 1368 3084 l

333 3147 408 3208 Sunt
422 3144 552 3231 geminae
568 3143 675 3207 Somru
689 3159 807 3229 portae3
829 3169 960 3232 quarum
976 3150 1074 3214 altera
1089 3152 1186 3216 fertur

289 3247 423 3326 Cornea,
439 3247 500 3331 quei
515 3250 598 3310 veris
613 3245 715 3311 facilis
731 3247 823 3313 datur
839 3255 941 3316 exitus
956 3255 1096 3319 umbris:

289 3349 409 3428 Altera,
423 3349 570 3413 candenti
586 3351 724 3435 perlecta
738 3355 839 3416 nitens
855 3354 1040 3440 elephanto;
1258 3357 1306 3416 895
1366 3329 1367 3389 l

292 3451 354 3515 Sed
370 3451 449 3516 falsa
464 3450 505 3516 ad
520 3451 632 3515 coelum
649 3453 769 3517 mittunt
783 3458 934 3522 insomnia
951 3459 1074 3524 Manes.

292 3557 355 3620 His
370 3556 425 3619 ubi
440 3570 503 3618 tum
519 3569 624 3620 natum
640 3555 792 3622 Anchises
808 3559 929 3644 unisque
945 3562 1103 3648 Sibyllam

294 3659 494 3743 Prosequitur
508 3657 622 3739 dictis3
644 3659 795 3745 porteique,
811 3663 921 3728 emittit
937 3666 1067 3732 eburna.

294 3760 349 3824 llle
365 3761 448 3824 viam
463 3775 548 3825 secat
563 3761 604 3826 ad
620 3784 725 3842 naves,
740 3768 903 3851 sociosque
918 3771 1037 3834 revisit.

213 3865 216 3870 '
293 3863 375 3926 Tum
390 3884 424 3926 se
440 3862 481 3928 ad
497 3847 616 3928 Caiiiae
632 3879 718 3929 recto
732 3866 792 3930 lert
808 3867 909 3934 littore
925 3885 1068 3956 portum:

295 3963 446 4030 Anchora
460 3964 500 4031 tle
515 3966 610 4053 prora
619 3967 753 4054 jacitur3
775 3983 856 4036 stant
871 3971 973 4042 littore
987 3997 1120 4063 puppes.
