2890 5002
611 433 728 494 LIBER
748 437 769 494 l.

187 585 312 650 Punica
327 600 427 669 regna
441 579 542 662 vides,
564 579 692 668 Tyrios,
709 597 739 648 et
755 587 912 672 Agenoris
927 583 1058 666 urbem3

189 685 258 754 Sed
273 686 351 750 fines
365 683 496 769 Libyci,
511 705 608 768 genus
624 685 824 750 intractabile
841 685 937 750 bello.

189 779 365 872 Imperium
380 785 468 849 Dido
483 785 586 871 Tyria
600 791 680 872 regit
697 788 775 851 urbe
791 788 943 873 prolecta,

191 889 390 953 Germanum
404 888 543 972 fugiens:
567 886 659 973 longa
675 901 722 952 est
736 891 861 976 injuria,
876 889 972 978 longae

191 992 374 1077 Ambages3
396 989 453 1054 sed
468 1009 588 1055 summa
604 1013 719 1076 sequar
734 991 861 1078 fastigia
874 995 995 1076 rerum]

238 1093 327 1158 Huic
342 1093 459 1179 conjux
474 1091 626 1178 Sychaeus
642 1108 720 1173 erat,
736 1093 907 1160 ditissimus
923 1101 992 1184 agri

196 1197 391 1276 Phoenicum,
407 1208 438 1259 et
453 1215 565 1282 magno
580 1199 701 1261 misere
716 1195 852 1261 dilectus
866 1219 992 1264 amore:

195 1299 260 1364 Cui
275 1313 365 1386 pater
378 1303 528 1368 intactam
543 1297 686 1380 dederat,
700 1303 874 1386 primisque
884 1302 1012 1388 jug-irat

195 1404 373 1469 Ominibus.
397 1401 459 1467 Sed
475 1423 572 1489 regna
587 1404 671 1489 Tyri
685 1425 851 1490 germanus
867 1404 1009 1496 habebat
1050 1413 1053 1424 '

196 1507 394 1594 Pygmalion,
409 1505 530 1572 scelere
546 1521 617 1572 ante
633 1507 712 1571 alios
727 1511 893 1571 immanior
907 1529 1027 1571 omnen.

194 1613 283 1695 Quos
297 1614 380 1676 inter
394 1609 516 1675 medius
531 1615 618 1676 venit
632 1612 736 1675 furor:
760 1610 813 1674 ille
830 1610 997 1696 Sychaeum

196 1714 313 1800 lmpius
329 1726 401 1776 ante
418 1733 499 1792 aras,
515 1726 610 1798 atque
625 1717 694 1778 auri
710 1733 811 1777 cecus
827 1733 944 1793 amore,
1032 1747 1034 1752 ·

194 1814 290 1880 Clam
304 1815 391 1879 ferro
404 1819 564 1879 incautum
579 1828 716 1900 superat,
732 1836 860 1879 securus
876 1835 1018 1880 amorum

192 1918 378 1995 Germane:
400 1917 579 2003 factumque
593 1917 648 1982 diu
663 1917 798 1998 celavit:
821 1931 851 1982 et
866 1937 990 2005 egram,

194 2019 297 2084 Multa
312 2019 414 2084 malus
429 2019 588 2101 simulans,
602 2019 685 2086 vanai
698 2043 755 2107 spe
770 2021 843 2086 lusit
858 2037 1026 2090 amantem.

194 2125 268 2210 lpsa
282 2125 339 2189 sed
354 2129 388 2189 in
402 2129 519 2190 somnis
534 2125 686 2190 inhumati
701 2129 788 2192 venit
802 2129 906 2214 imago

194 2227 355 2318 Conjugis,
370 2250 427 2294 ora
442 2229 543 2294 modis
558 2230 702 2295 attollens
717 2230 838 2317 pallida
853 2234 961 2295 miris:

193 2331 351 2399 Crudeles
366 2355 439 2398 aras
453 2335 648 2420 trajectoque
662 2348 792 2420 pectora
807 2336 892 2398 ferro

194 2436 345 2517 Nudavit,
359 2459 539 2522 caecumque
553 2437 664 2503 domfis
679 2437 782 2501 scelus
797 2459 887 2502 omne
902 2441 1027 2500 retexit.

194 2539 280 2602 Tum
295 2539 434 2604 celerare
448 2541 553 2626 fugam
567 2539 735 2624 patriaque
750 2539 907 2602 excedere
923 2538 1049 2603 suadet:

122 2693 138 2711 .
193 2639 419 2726 Auxiliumque
434 2644 492 2705 vie
506 2653 630 2705 veteres
645 2638 757 2704 tellure
773 2637 908 2704 recludit

192 2743 386 2825 Thesauros,
400 2747 538 2832 ignotum
554 2747 675 2830 argenti
690 2741 812 2828 pondus
828 2756 860 2808 et
874 2747 955 2808 auri.

190 2845 257 2910 His
271 2859 437 2926 commota,
452 2847 556 2932 fugam
570 2843 657 2909 Dido
672 2847 836 2930 sociosque
850 2844 997 2931 parabat.

191 2949 393 3014 Conveniunt
408 2950 521 3035 quibus
537 2961 590 3013 aut
603 2947 710 3012 odium
725 2945 854 3012 crudele
869 2951 1007 3033 tyranni,

192 3053 259 3116 Aut
272 3067 370 3117 metus
385 3075 462 3118 acer
475 3065 561 3132 erat:
583 3073 680 3116 naves
695 3071 762 3136 quae
777 3050 856 3115 forte
872 3063 989 3135 paratae

193 3155 388 3242 Corripiunt,
403 3171 597 3242 onerantque
612 3177 707 3236 auro,
728 3168 892 3240 portantur
906 3157 995 3220 avari

192 3259 412 3347 Pygmalionis
426 3283 503 3347 opes
517 3258 650 3347 pelago:
665 3258 730 3322 dux
746 3259 873 3322 foemina
887 3257 975 3322 lacti.

189 3363 366 3428 Devenere
380 3364 466 3430 locos
480 3363 536 3428 ubi
551 3384 633 3427 nunc
647 3365 785 3448 ingentia
800 3380 911 3424 cernes

189 3467 325 3546 Moenia,
339 3479 579 3553 surgentemque
589 3485 680 3530 nove
696 3461 898 3550 Carthaginis
913 3482 1036 3527 arcem:

163 3565 171 3628 l
188 3568 393 3654 Mercatique
408 3567 517 3650 solum,
532 3568 608 3631 lacti
623 3564 663 3630 de
677 3569 803 3632 nomine
818 3565 980 3651 Byrsam:

188 3669 335 3737 Taurino
349 3669 500 3758 quantiam
514 3683 641 3758 possent
655 3668 853 3736 circumdare
868 3681 966 3755 tergo.

189 3773 257 3838 Sed
271 3796 329 3839 vos
344 3780 399 3860 qui
414 3775 561 3842 tandem?
583 3775 697 3861 quibus
713 3787 766 3839 aut
779 3776 908 3837 venistis
924 3772 966 3836 ab
980 3776 1065 3837 oris?

188 3875 311 3959 Qudne
318 3881 432 3943 tenetis
445 3881 530 3942 iteri
551 3879 710 3961 Quaerenti
725 3875 840 3942 talibus
854 3873 909 3940 ille
1164 3881 1229 3940 370

175 3979 379 4064 ·Suspirans,
386 3983 514 4065 imoque
528 3979 657 4044 trahens
672 4001 694 4044 a
705 3992 833 4065 pectore
844 3999 972 4044 vocem:
991 4033 996 4043 .

235 4081 265 4146 Ο
282 4082 355 4166 dea,
370 4087 397 4148 si
410 4082 514 4172 primi
528 4097 674 4168 repetens
690 4081 732 4148 ab
745 4085 866 4169 origine
879 4103 1017 4168 pergam,

538 4193 576 4250 15
