2928 5002
194 429 234 486 40
590 425 879 490 eeoafflcouunt

236 575 351 645 Omnis
366 595 432 664 qne
448 577 543 644 multo
558 579 629 644 aute
645 601 764 646 memor
775 582 896 666 provisa
910 600 1051 667 repones,

238 682 273 749 si
288 699 319 748 te
336 684 428 769 digna
443 699 548 750 manet
563 687 656 752 divini
671 687 768 772 gloria
781 687 871 752 ruris·

281 789 437 856 Continui)
452 793 483 854 in
498 792 581 858 silvis
597 790 709 878 magnis
723 795 752 858 vi
768 791 851 858 flexa
867 792 1009 858 domatur

235 894 271 960 ln
286 896 386 961 burim
402 910 434 959 et
448 897 533 960 curvi
549 895 678 962 formam
694 899 806 981 accipit
822 897 922 962 ulmus
932 898 1034 964 aratri.

236 1001 322 1069 Huic
338 1025 356 1068 a
371 1004 463 1090 sdrpe
479 1003 577 1090 pedes
592 1018 676 1070 temo
691 1018 849 1089 protenurs
863 1007 894 1068 in
909 1020 993 1086 octo,

235 1107 323 1176 Binae
340 1131 440 1188 aures,
457 1110 570 1196 duplici
586 1125 727 1196 optantur
742 1111 876 1176 dentalia
890 1112 993 1178 dorae.

236 1213 374 1282 Ceditur
389 1229 421 1281 et
434 1215 498 1280 tilia
512 1214 581 1280 ante
592 1215 669 1300 jugo
680 1214 766 1291 levis,
782 1215 904 1298 ultaque
920 1215 1008 1298 sagus

235 1318 338 1400 stivae,
355 1342 422 1406 que
436 1341 545 1386 currus
560 1339 579 1379 a
594 1331 682 1401 tergo
697 1331 839 1402 torqueat
852 1319 953 1382 imos:

234 1424 279 1494 Et
294 1447 440 1512 suspensa
452 1425 529 1490 focis
544 1424 685 1509 explorat
700 1424 809 1492 robora
825 1423 938 1490 sumus.
991 1480 1001 1489 .
1106 1455 1111 1464 ·

278 1529 412 1595 Possum
428 1529 522 1594 multa
537 1529 590 1594 tibi
607 1544 744 1594 veterum
760 1543 914 1614 precepta
930 1527 1058 1607 referre,

236 1633 278 1701 Nu
294 1634 419 1719 refugis,
435 1651 605 1720 tenuesque
619 1637 704 1720 piget
716 1655 906 1719 cognoscere
922 1657 1024 1702 eruas.

279 1740 364 1805 Area
379 1761 451 1804 cum
467 1739 572 1824 primis
586 1740 700 1824 ingenti
715 1741 864 1826 equando
879 1739 1029 1824 cylindro,

235 1841 280 1910 Et
293 1845 440 1912 vertenda
456 1867 559 1923 manu,
575 1858 607 1908 et
621 1843 708 1910 creti
721 1845 881 1912 solidanda
896 1847 1008 1924 tenaci,

235 1948 288 2016 Ne
304 1951 433 2016 subeant
448 1950 562 2028 herbe,
578 1971 639 2014 neu
655 1949 782 2035 pulvere
799 1951 878 2016 victo
894 1950 1024 2031 fatiscat,

234 2055 320 2121 Tum
335 2057 424 2122 varie
439 2055 567 2122 illudant
583 2067 707 2142 pestes:
729 2055 810 2140 sepe
827 2057 958 2140 exiguus
974 2077 1043 2122 mus
1102 2075 1105 2080 '

235 2161 302 2228 Sub
318 2163 405 2226 terris
421 2162 581 2247 posuitque
598 2161 707 2226 domos
721 2175 813 2246 atque
828 2162 940 2228 horrea
954 2162 1049 2242 scails

234 2267 299 2331 Aut
313 2265 411 2333 oculis
426 2268 506 2352 capti
523 2265 630 2332 fodere
645 2264 758 2332 cubilia
772 2266 882 2352 talpae;

234 2373 442 2458 Inventusque
458 2373 543 2437 cavis
557 2370 644 2449 bufo,
659 2385 691 2436 et
707 2392 773 2456 qua
790 2371 920 2456 plurima
934 2385 1022 2436 terre
1074 2369 1078 2377 ’

234 2475 374 2544 Monstra
390 2476 512 2558 seruut3
535 2475 721 2562 populatque
737 2476 892 2561 ingentem
905 2476 993 2542 larris
1008 2495 1152 2544 acervum

234 2581 395 2663 Curculio,
411 2599 503 2670 atque
519 2583 601 2668 inopi
617 2579 760 2646 metuens
775 2581 903 2650 formica
919 2598 1064 2652 senocto.

280 2692 514 2777 Contemplator
530 2692 615 2767 item,
632 2711 725 2775 quum
741 2709 775 2754 se
790 2711 855 2754 nux
870 2691 1002 2774 plurima
1017 2693 1099 2758 silvie

235 2801 347 2868 lnduet
361 2800 392 2862 in
408 2796 515 2862 florem
531 2811 563 2862 et
577 2817 679 2860 ramos
694 2797 833 2862 curvabit
846 2796 987 2860 olentes:

238 2907 273 2972 Si
289 2917 434 2990 superant
449 2900 550 2976 status,
567 2901 679 2983 pariter
694 2898 846 2962 frumenta
861 2914 1037 2984 sequentur,

236 3010 413 3095 Magnaque
429 3025 501 3070 cum
514 3023 625 3087 magno
640 3005 742 3070 veniet
756 3004 863 3069 tritura
877 3005 981 3072 calore
995 3029 1004 3070 r

143 3107 147 3116 ’
235 3117 289 3194 At,
305 3115 330 3180 si
345 3109 467 3177 luxurii
482 3109 621 3174 loliorum
637 3110 788 3176 exuberat
801 3111 920 3189 umbra,

239 3217 458 3306 Nequidquam
475 3217 602 3300 pingues
619 3213 708 3300 palei
722 3228 802 3279 teret
817 3237 889 3282 area
905 3217 1034 3284 culmos.

283 3325 409 3391 Semina
425 3322 488 3387 vidi
503 3322 645 3406 equidem
662 3321 774 3388 multos
789 3324 945 3390 medicare
960 3339 1110 3405 serentes,

240 3435 284 3500 Et
298 3433 376 3496 nitro
391 3429 474 3517 prius
489 3443 521 3494 et
536 3426 622 3513 nigri
636 3427 821 3514 perfundere
838 3430 974 3510 amurcb,

239 3540 393 3608 Grandior
408 3552 441 3602 ut
456 3535 547 3602 soetns
561 3513 677 3622 siliquis
692 3535 851 3604 fallacibus
864 3554 967 3620 esset;

239 3649 292 3725 At,
310 3643 446 3731 quamvis
457 3642 517 3726 igni
533 3641 646 3725 exiguo
661 3656 824 3728 properata
838 3645 1008 3723 maderent,

240 3753 314 3820 Vidi
329 3754 410 3817 lecta
424 3751 476 3816 diu
493 3764 525 3814 et
539 3750 633 3814 multo
648 3763 786 3835 spectata
801 3751 906 3823 labore

239 3862 441 3945 Degenerare
456 3869 570 3933 tamen,
586 3857 616 3920 ui
629 3855 673 3920 vis
688 3857 820 3922 humans
836 3859 997 3941 quotannis

242 3965 381 4032 Maxima
397 3983 525 4048 queque
540 3983 631 4028 mann
647 3961 787 4048 legeret:
809 3961 854 4028 sic
870 3964 972 4028 omnia
987 3960 1057 4030 latis

242 4073 278 4138 ln
294 4071 381 4159 pejus
397 4089 497 4145 ruere,
514 4090 552 4132 ac
567 4081 648 4132 retro
662 4068 805 4154 sublapsa
820 4067 938 4134 referri.

242 4177 314 4244 Non
330 4177 415 4244 aliter
430 4172 522 4262 quim
537 4174 590 4260 qui
605 4173 734 4242 adverso
749 4175 801 4242 vix
814 4171 939 4261 flumine
954 4173 1090 4250 lembum
