2792 4998
244 405 312 460 1188
699 397 889 460 AENulnos

334 557 458 642 Emicat
472 559 536 640 hle,
550 557 677 644 impune
691 573 813 645 putans,
828 571 860 624 et
874 577 1007 645 corpore
1023 569 1086 624 toto

298 659 371 727 Alte
387 660 542 726 sublatum
557 665 717 748 consurgit
730 661 855 726 Turnus
870 665 902 726 in
918 683 1033 742 ensem,

295 764 336 828 Et
350 763 431 827 ferit.
475 763 662 828 Exclamant
676 763 778 828 Trois
793 762 969 850 trepidique
985 763 1100 844 Latini,
1245 765 1287 822 lli

293 870 497 953 Arrectaeque
512 868 675 932 amborum
691 867 786 931 acies.
830 871 872 931 At
886 867 1024 952 perfidus
1036 869 1117 930 ensis

294 969 470 1055 Frangitur,
485 973 516 1034 in
532 969 697 1054 medioque
712 969 875 1034 ardentem
889 968 1008 1036 deserit
1023 969 1094 1048 ictu,

294 1071 336 1136 Ni
351 1074 424 1159 luga
439 1073 580 1137 subsidio
596 1075 724 1138 subeat:
747 1073 822 1158 sugit
836 1075 924 1137 ocior
939 1073 1035 1153 Euro,

297 1174 340 1238 Ut
354 1174 500 1262 capulum
515 1176 650 1262 ignotum
665 1175 871 1259 dextramque
883 1174 1029 1262 adspexit
1043 1179 1194 1240 inermem.

295 1279 394 1344 Fama
408 1293 455 1344 est
470 1279 675 1364 praecipitesq
690 1299 785 1363 quum
799 1281 903 1363 prima
917 1279 947 1344 in
962 1277 1074 1365 proelia
1082 1280 1197 1366 junctos
1248 1275 1293 1334 lii

295 1381 540 1448 conscendebat
560 1405 666 1468 equos,
680 1387 782 1468 patrio
797 1401 945 1447 mucrone
960 1382 1079 1462 relicto,

296 1485 382 1551 Dum
397 1486 543 1573 trepidat,
558 1487 674 1552 serrum
690 1488 805 1574 aurigae
820 1485 960 1571 rapuisse
976 1485 1121 1550 Metisci:

296 1588 396 1672 idque
411 1589 475 1670 diu,
489 1590 564 1654 dum
579 1603 666 1676 terga
679 1589 799 1655 dabant
812 1588 952 1676 palantia
967 1588 1095 1668 Teucri,

298 1695 443 1776 Suffecit3
466 1710 629 1782 postquam
646 1717 733 1761 arma
747 1695 801 1760 dei
816 1695 857 1760 ad
874 1693 1031 1760 Vulcania
1045 1705 1175 1770 ventum,

297 1796 440 1862 Mortalis
454 1819 573 1878 mucro,
587 1797 703 1883 glacies
717 1819 776 1862 ceu
791 1796 897 1877 sutilis,
911 1798 976 1860 ictu
1253 1787 1296 1846 ⁷40

297 1897 460 1962 Dissiluit:
484 1897 568 1963 fulvi
582 1899 784 1986 resplendent
798 1901 952 1985 fragmina
963 1896 1072 1964 areni.

300 2001 387 2090 Ergo
400 2024 505 2068 amens
521 2003 646 2068 diversa
660 2003 733 2090 fuga
748 2005 825 2089 petit
840 2023 967 2087 aequora
983 2002 1128 2080 Turnus3

300 2103 342 2168 Et
356 2125 437 2170 nunc
451 2105 523 2185 huc,
537 2105 612 2170 inde
628 2106 700 2186 huc,
715 2107 850 2170 incertos
865 2103 1003 2191 implicat
1017 2105 1131 2170 orbes:

298 2203 446 2292 Undique
462 2211 544 2273 enim
559 2208 658 2274 densi
673 2209 790 2272 Teucri
806 2207 961 2276 inclusdre
975 2208 1113 2287 coronei3

302 2309 405 2393 Atque
421 2310 494 2374 hinc
509 2321 598 2375 vasta
612 2310 713 2396 palus,
728 2310 800 2374 hinc
816 2309 915 2376 ardua
930 2313 1047 2375 moenia
1060 2310 1193 2396 cingunt.
1260 2301 1301 2360 tu

299 2409 369 2474 Nec
384 2409 484 2476 minus
500 2411 625 2492 AEneas,
640 2432 819 2495 quanquam
834 2411 957 2476 tardata
972 2411 1086 2497 sagittis

303 2510 462 2577 interdum
477 2534 578 2599 genua
593 2511 776 2597 impediunt,
791 2535 977 2598 cursumque
993 2526 1150 2596 recusant,

300 2615 486 2700 Insequitur,
502 2615 677 2702 trepidique
691 2616 805 2703 pedem
819 2616 901 2704 pede
915 2618 1055 2682 fervidus
1071 2629 1172 2703 urget.

303 2717 459 2783 Inclusum
474 2719 609 2783 veluti
585 2741 611 2784 sr
626 2720 753 2803 quando
768 2721 892 2788 flumine
907 2734 1018 2787 nactus

303 2819 451 2900 Cervum,
466 2834 520 2886 aut
532 2821 673 2907 puniceae
689 2835 810 2926 septum
825 2824 991 2890 formidine
1005 2843 1129 2924 penna,

303 2921 476 2986 Venator
460 2941 552 2986 cursu
568 2923 655 2989 canis
670 2936 703 2989 et
717 2903 904 2992 latialibus
895 2939 1007 2992 rnatat.

304 3025 360 3089 llle
376 3037 489 3107 autem,
504 3027 624 3092 insidiis
639 3043 671 3093 et
684 3029 755 3115 ripa
770 3034 897 3096 territus
911 3030 984 3111 alti,

304 3126 392 3191 Mille
407 3129 484 3214 sugit
498 3129 674 3216 refugitque
688 3136 777 3211 vias3
799 3146 832 3197 at
845 3133 970 3200 vividus
987 3131 1112 3198 Umber

305 3231 417 3296 Haeret
432 3232 531 3313 hians,
540 3236 606 3320 jam
618 3236 747 3322 jamque
762 3249 856 3317 tenet,
870 3237 1039 3324 similisque
1054 3239 1175 3302 tenenti

307 3335 464 3423 increpuit
478 3337 577 3420 malis,
592 3361 759 3426 morsuque
773 3341 877 3408 elusus
890 3345 976 3408 inani
992 3355 1049 3407 ost.

305 3439 388 3504 Tum
402 3439 479 3505 vero
493 3442 632 3506 exoritur
645 3442 774 3524 clamor,
788 3445 928 3530 ripaeque
944 3444 1096 3533 lacusque

306 3543 505 3630 Responsant
518 3546 614 3626 circd,
629 3559 660 3611 et
674 3547 787 3614 coelum
802 3561 888 3614 tonat
903 3571 993 3614 omne
1008 3549 1156 3616 tumultu.

307 3647 372 3728 tlte,
388 3647 478 3712 simul
494 3649 622 3734 lugiens,
639 3648 771 3716 Rutulos
786 3651 877 3716 simul
892 3655 1034 3738 increpat
1048 3675 1171 3734 omnes,

306 3751 440 3817 Nomine
456 3771 611 3838 quemque
626 3775 761 3835 vocans3
785 3769 952 3842 notumque
967 3755 1118 3844 efflagitat
1132 3777 1244 3823 ensem·
1342 3765 1343 3776 *

308 3853 426 3918 AEneas
442 3867 572 3919 mortem
587 3857 695 3920 contri
710 3880 908 3944 praesensque
924 3863 1057 3926 minatur

309 3959 455 4039 Exitium,
470 3961 496 4022 si
513 3963 676 4044 quisquam
692 3961 804 4043 adeat3
826 3976 984 4048 terretque
998 3977 1181 4044 trementes,

309 4062 495 4127 lircisurum
509 4064 619 4130 urbem
634 4067 789 4135 minitans.
804 4077 836 4130 et
850 4069 975 4132 saucius
989 4071 1098 4133 instat.
