2890 5002
194 375 232 432 78
584 371 871 434 unonutcottum

237 523 397 611 lugentem
411 525 547 592 elamore
562 545 685 612 premes
700 529 740 591 ad
755 527 832 592 reiis
846 545 984 591 serrum.

279 632 376 697 Disce
393 646 423 697 et
434 634 591 697 odoratam
607 634 732 698 stabulis
746 633 919 698 accendere
934 631 1073 711 eedrum,

234 735 457 824 Galbaneoque
470 741 587 824 ng'tare
603 759 712 824 graves
726 739 833 802 nidore
847 737 1022 820 obelydms·
1201 741 1262 806 ⁴1⁵

237 839 326 929 Sepe
342 845 398 908 sub
413 847 546 909 immotis
560 844 747 930 praesepibus
761 858 814 908 aut
829 842 912 906 mele
926 855 1008 906 netu

234 945 350 1033 Vipera
366 949 494 1026 delituit,
508 949 685 1034 ooelumque
700 949 846 1014 exterrita
861 946 938 1031 sugit
946 971 958 1028 3

232 1051 298 1115 Ant
311 1067 394 1118 tecto
409 1067 547 1120 assuetus
560 1054 688 1118 eobrber
703 1055 872 1118 succedere
887 1068 920 1115 et
935 1052 1059 1131 umbre,

233 1155 336 1222 Pestis
346 1161 459 1223 acerbe
473 1160 575 1234 boum,
591 1157 759 1240 peeorique
775 1175 938 1240 aspergere
954 1157 1046 1236 virus,

233 1257 326 1345 Fovit
340 1245 489 1327 humum:
511 1281 589 1344 nepe
604 1281 680 1325 saxu
696 1281 799 1339 manu,
815 1280 894 1344 oaps
908 1261 1029 1340 robora,
1045 1276 1168 1348 praten
1195 1265 1260 1330 420

232 1365 470 1451 Tollentemque
485 1367 583 1430 minas
599 1379 630 1430 et
643 1367 731 1430 sibila
746 1366 826 1431 eolla
840 1382 1010 1433 tumentem

233 1471 366 1558 Dpjice:
383 1474 511 1559 jamque
526 1471 600 1556 fuge
613 1473 753 1538 timidum
767 1488 862 1558 eaput
877 1475 993 1540 abdidit
1006 1474 1078 1555 alte,
1196 1519 1199 1526 -

232 1574 338 1650 Quum
355 1579 448 1642 medii
463 1599 562 1644 nexus
576 1593 784 1662 emmneque
800 1581 921 1663 agmina
935 1583 1043 1646 cande

232 1681 406 1762 Solvuntur,
422 1685 587 1768 tardosque
602 1685 692 1750 trabit
707 1685 790 1750 rinus
802 1685 924 1750 ultimus
939 1688 1040 1752 orbes.

274 1786 333 1851 Est
348 1788 439 1852 etiam
456 1788 506 1851 ille
521 1789 619 1850 melus
635 1785 776 1852 Calabris
791 1791 822 1852 in
838 1789 963 1856 saltibus
975 1793 1092 1876 angitis,
1195 1793 1258 1857 425

230 1889 385 1974 Squamea
401 1893 586 1956 convolvens
601 1894 719 1958 sublato
735 1910 861 1978 pectore
875 1910 974 1980 terge,

229 1998 333 2080 Atque
349 1999 426 2060 notis
441 1997 562 2081 longam
578 1998 752 2064 maculosus
767 2001 931 2081 grandibus
946 2003 1071 2081 alrum3

228 2099 304 2178 Qui,
319 2101 392 2164 dum
408 2121 514 2165 amnes
530 2101 580 2165 ulli
597 2117 776 2187 rumpuntur
791 2105 934 2180 sontibus,
950 2121 982 2169 et
994 2107 1070 2169 dum

224 2207 309 2276 Vere
325 2213 450 2277 madent
461 2212 523 2275 urio
537 2227 624 2275 terre
638 2233 676 2276 ec
693 2212 872 2297 pluvialibus
887 2215 1006 2293 misnia,

223 2315 343 2403 Stagna
358 2317 451 2397 oolit3
473 2319 606 2402 ripisque
622 2317 762 2382 babitans
777 2315 828 2382 lde
843 2320 979 2404 piscibus
993 2333 1091 2384 ettam
1194 2323 1262 2386 430

225 2421 388 2509 improbus
403 2424 568 2507 ingluviem
585 2425 727 2507 ranisque
743 2425 923 2508 loqueedrus
938 2427 1054 2511 explet.
1162 2435 1167 2446 ’

94 2543 95 2546 ’
224 2525 394 2616 Postquam
411 2547 520 2594 exusta
535 2531 633 2615 pnlur,
648 2517 801 2615 terraque
816 2529 927 2594 erdere
939 2531 1115 2611 debiscunt,

225 2631 339 2702 Exsilit
354 2639 385 2700 in
398 2637 530 2714 siceum,
546 2653 589 2713 et,
604 2635 793 2701 flammantia
807 2637 922 2704 lumine
937 2651 1093 2722 torquens,

225 2742 318 2809 Sevit
333 2746 423 2828 agris,
440 2763 591 2826 asperque
607 2744 665 2817 siti,
682 2755 774 2825 atque
790 2744 954 2808 exterritus
969 2757 1054 2806 estu.

224 2847 276 2913 Ne
289 2849 362 2912 mihi
378 2861 441 2909 tum
457 2845 566 2908 molles
581 2845 724 2907 subdivo
740 2863 868 2928 corpere
884 2867 1017 2926 somnos,
1194 2847 1256 2912 tut

224 2951 298 3018 Neu
314 2953 405 3015 dorso
419 2947 553 3012 nemoris
569 2946 663 3010 libeat
672 2948 808 3033 jacuisse
824 2969 880 3034 per
895 2951 1017 3029 herbas,

224 3056 342 3135 Quum,
357 3055 462 3140 positis
477 3073 574 3118 novus
589 3053 719 3130 exuviis,
735 3054 907 3140 nitidusque
917 3055 1056 3142 juventi,

223 3159 373 3239 Volvitur,
389 3173 450 3238 aut,
466 3160 584 3224 catulos
598 3161 689 3224 teetis
703 3174 756 3224 aut
770 3181 829 3226 ove
844 3163 1029 3248 relinquens,

225 3265 350 3332 Arduus
366 3267 404 3330 nd
421 3267 529 3343 solem,
546 3278 577 3328 et
592 3263 701 3349 linguis
716 3266 878 3332 minatore
893 3269 1043 3333 trisulcis!
1170 3295 1174 3303 ·

269 3372 446 3438 Morborum
463 3391 585 3456 quoque
600 3387 632 3435 re
647 3391 756 3436 causes
770 3387 803 3437 et
818 3373 903 3458 signa
917 3374 1050 3439 doeebo.
1132 3409 1138 3416 ·
1191 3377 1255 3440 440

225 3477 340 3564 Turpis
354 3499 428 3542 oves
443 3489 539 3542 tentet
554 3476 684 3555 scabies,
700 3477 751 3541 ubi
768 3476 895 3562 frigidus
909 3479 1007 3544 imber

225 3584 326 3651 Altiirs
340 3585 380 3648 ed
394 3586 495 3649 vivum
512 3583 657 3668 persedit,
674 3596 704 3646 et
719 3584 841 3648 horrida
855 3603 934 3649 oeno

225 3689 342 3756 Bruma
358 3691 426 3775 gelu
440 3713 450 3770 3
472 3691 520 3754 vel
537 3711 631 3775 quum
645 3691 738 3754 tonsis
753 3691 853 3754 illotus
868 3691 993 3757 adhesit

225 3797 338 3876 Sudor,
355 3811 385 3861 et
399 3795 504 3860 hirsuti
519 3809 683 3859 secuerunt
697 3816 826 3881 corpora
840 3817 962 3882 vepres.

223 3901 375 3970 Dulcibus
390 3882 506 3965 ideirco
521 3899 619 3964 fluviis
635 3921 730 3984 pecus
744 3921 836 3964 omne
848 3903 982 3985 magistri
1190 3907 1257 3968 445

225 4007 441 4084 Persnndnnt;
463 4007 592 4092 udisque
609 4007 687 4069 aries
702 4008 732 4070 in
748 4007 866 4092 gurgite
880 4008 958 4072 villis

226 4115 389 4192 Mereatur,
406 4113 576 4198 missusque
591 4113 728 4183 seeundo
743 4112 849 4178 defluit
864 4114 965 4181 amni:
