2890 5002
104 307 275 411 ⁴ee

238 1641 246 1774 i

631 348 918 414 ueouutcouu'tt

283 503 430 592 Arvaque
443 505 581 594 Rhipeis
596 525 752 592 nunquam
765 504 891 572 riduste
904 501 1029 590 pruine,

286 607 460 692 Lustrabat,
478 629 596 700 raptam
611 611 791 698 Eurydioeo
806 625 899 697 etque
914 612 995 678 irrite
1011 611 1093 678 Ditis

287 717 380 782 Dona
395 740 548 804 querensr
570 733 679 804 spretos
695 719 925 803 Ciconumque
940 739 1068 785 munere
1083 731 1207 798 matres,
1252 721 1330 781 620

286 823 370 890 Inter
385 845 473 890 secte
488 823 583 890 deirm
598 817 800 910 nocturnique
813 825 898 910 orgis
913 822 1043 903 Banu,

287 927 487 1016 Discerptum
501 931 579 998 lotoe
588 931 736 1018 juvenem
751 929 890 1018 epnrsdre
905 952 964 1017 per
974 951 1073 1018 agree.

289 1035 374 1101 Tum
392 1059 514 1123 quoque
530 1035 705 1108 murmurosi
718 1051 809 1120 ceput
825 1057 843 1100 s
858 1037 981 1102 ceruice
996 1035 1150 1104 seruitum

290 1142 419 1228 Gurgite
437 1165 531 1228 quum
547 1143 651 1206 medio
664 1157 788 1226 portem
803 1140 955 1226 OEngrius
968 1139 1093 1208 Hebrus

287 1247 445 1328 volveret,
462 1247 642 1331 Eurydicen
657 1267 717 1308 vox
733 1247 842 1330 iperet
855 1244 964 1330 frigide
978 1246 1092 1332 lingue,
1251 1249 1329 1310 525

188 1395 190 1402 ,
288 1356 338 1419 Ah
351 1356 494 1418 miseram
509 1351 711 1436 Eurydicen!
736 1349 838 1416 enimi
851 1348 998 1435 fugiente,
1015 1354 1165 1423 emebat:

289 1460 466 1544 Eurydicen
482 1471 546 1523 toto
562 1456 736 1526 referebant
749 1457 973 1544 flumine-ripe.

332 1564 410 1638 Hec
426 1565 580 1629 Proteus:
602 1577 635 1628 et
649 1584 682 1628 se
693 1561 781 1648 jectu
796 1563 882 1628 dedit
897 1583 1000 1648 equor
1011 1564 1041 1630 in
1054 1565 1170 1643 situm

290 1672 424 1758 Quique
440 1671 534 1748 dedit,
551 1679 744 1755 spumantem
757 1669 839 1734 unde
888 1669 946 1734 eud
959 1671 1073 1734 vortice
1089 1669 1187 1734 torsit.

333 1779 376 1843 At
391 1798 450 1841 non
466 1774 591 1860 Cyrene
604 1797 615 1854 ;
639 1794 772 1859 nemque
786 1773 866 1838 ultro
881 1796 898 1838 a
941 1787 971 1840 te
985 1741 1166 1842 ernestone
1255 1777 1328 1842 ⁶³0

289 1883 384 1962 Nate,
398 1881 471 1945 iicet
484 1881 584 1944 tristes
599 1879 700 1943 snimo
716 1879 873 1962 deponere
887 1899 989 1962 cures.

289 1987 368 2052 Hec
388 1985 486 2050 omnis
501 1983 600 2048 morbi
614 2005 708 2048 ceuss
721 2005 730 2048 t
745 1985 815 2048 hine
831 1971 1004 2054 miseraute
1020 1984 1185 2072 Nympho,

288 2094 371 2158 Cum
387 2092 495 2178 quibus
510 2091 560 2159 itta
576 2091 687 2155 choree
701 2091 778 2156 lucis
793 2092 926 2176 sgitebet
936 2091 970 2179 ‚io
986 2093 1063 2172 ultis,

290 2199 431 2264 Exitium
447 2193 559 2259 misere
576 2195 695 2281 apibus.
717 2192 770 2256 To
782 2216 910 2260 munere
925 2195 1055 2281 supplex

287 2282 400 2368 Tende
416 2316 525 2388 petens
539 2321 661 2385 paoem,
678 2315 710 2364 et
724 2297 831 2365 ieo'des
845 2321 996 2366 tenerare
1009 2300 1165 2388 Nupees:
1253 2303 1325 2367 ⁶³5

287 2410 433 2496 Namque
449 2409 563 2475 dabunt
578 2409 698 2472 renim
714 2407 800 2485 uotis,
816 2409 938 2492 irasque
950 2409 1113 2476 remittent.

289 2517 354 2583 Sed
370 2517 480 2582 modus
494 2515 599 2580 orandi
617 2515 668 2601 qui
683 2514 731 2591 sit,
743 2512 827 2599 priite
841 2515 948 2582 ordine
964 2516 1076 2582 dicem.

287 2624 430 2699 Quattuor
445 2621 575 2685 eximios
590 2617 741 2704 prestanti
755 2640 885 2705 corpore
900 2633 1012 2697 tauros,

287 2727 353 2804 Qui
368 2728 421 2791 tibi
432 2747 513 2790 nunc
527 2725 632 2789 viridis
642 2725 812 2810 depascunt
826 2747 944 2790 stemus
959 2724 1076 2810 Lycei,

289 2830 414 2913 Delige,
430 2843 461 2892 et
473 2826 586 2892 intueti
600 2828 728 2892 totidem
743 2827 866 2894 cervice
876 2827 1038 2914 juvencus.

290 2933 431 3009 Quetuor
447 2931 493 2992 his
506 2949 574 2994 eres
590 2929 650 2994 ulte
665 2933 706 2998 ed
718 2931 846 2998 delubro
861 2934 989 3000 deerunt

288 3037 461 3121 Constitue,
476 3053 508 3098 et
522 3057 643 3100 sucrum
652 3039 768 3124 jugulis
783 3039 909 3104 demitte
925 3062 1089 3130 cruorem,-

289 3145 491 3228 Ccrporeque
507 3142 572 3226 ipsu
587 3143 680 3206 boum
696 3143 841 3209 frondoso
856 3145 965 3211 desere
980 3146 1063 3211 luco.

288 3247 376 3325 Pdst,
391 3248 442 3311 ubi
460 3267 538 3311 nene
553 3269 624 3311 suos
641 3248 761 3314 Aurora
772 3233 939 3316 ostenderit
952 3265 1048 3332 crtus,

287 3353 416 3419 inierim
431 3351 548 3436 Orphei
565 3349 691 3419 Lethes
704 3375 856 3439 peperere
872 3355 985 3436 mittes,

287 3460 445 3527 Picentem
463 3455 641 3541 Eurydicen
657 3457 751 3523 vituli
765 3461 953 3526 venerabere
969 3459 1059 3538 cest,

289 3565 332 3633 Et
346 3567 463 3649 nigram
478 3564 627 3630 mactabis
641 3587 743 3647 oveto,
757 3568 922 3654 lucumque
938 3568 1065 3633 revises.

333 3668 427 3734 Haud
445 3690 540 3746 more,
552 3670 696 3744 continuit
711 3672 815 3736 metris
830 3689 982 3760 precepta
998 3673 1143 3742 sesessitt

287 3776 340 3843 Ad
357 3775 483 3839 deludes
498 3776 603 3852 renit3
626 3789 806 3842 monstratas
821 3781 936 3844 excitet
951 3759 1057 3860 eras}

286 3882 429 3960 Quetuor
445 3881 577 3946 eximios
589 3885 740 3966 prestanti
756 3905 886 3970 corpore
903 3899 1007 3952 tauros

287 3987 394 4062 Ducit,
410 4000 441 4050 et
453 3984 566 4050 inrecte
580 3988 708 4052 totidem
720 3990 842 4052 cervice
853 3987 1016 4074 juvencos.

287 4093 375 4170 Pdst,
391 4091 445 4158 ubi
458 4112 538 4157 none
553 4112 625 4158 suos
639 4093 938 4160 Auroreinduxertt
952 4109 1047 4173 orum,
