2756 5010
225 491 283 547 202
669 477 861 542 AENEIDOS

273 644 433 727 Quaeritur
449 641 523 708 huic
537 640 638 706 aliast
661 660 720 704 nec
736 639 902 724 quisquam
916 655 958 700 ex
971 636 1095 723 agmine
1110 647 1199 702 tante

273 745 378 810 Audet
393 745 484 814 edire
497 743 608 824 virum,
622 741 829 826 manibusque
844 737 996 804 inducere
1010 751 1134 803 caestus.
1167 720 1177 798 i

275 849 361 936 Ergo
376 847 502 928 alacris,
516 858 708 930 cunctosque
721 856 835 932 putans
851 841 1008 908 excedere
1022 840 1138 930 palmei,
1248 847 1297 904 ³80

276 951 384 1016 AEneae
399 953 484 1016 stetit
498 962 570 1014 ante
584 947 702 1034 pedee3
724 967 782 1012 nec
796 945 889 1032 plura
902 959 1050 1028 moratus,

276 1054 359 1119 Tum
373 1052 454 1118 laevai
467 1066 592 1118 taurum
606 1073 705 1120 cornu
720 1064 812 1133 tenet,
828 1065 923 1137 atque
937 1056 982 1118 ita
996 1053 1079 1116 satur
1093 1075 1103 1114 ε

277 1157 361 1223 Nate
376 1155 445 1237 dea,
461 1160 488 1222 si
503 1177 594 1222 nemo
609 1156 704 1221 audet
717 1177 752 1220 se
766 1153 900 1220 credere
914 1174 1036 1242 pugnae,

276 1262 356 1345 Quae
372 1261 441 1326 finis
455 1261 558 1329 standi
568 1265 595 1364 ix
603 1257 666 1346 qud
680 1281 730 1324 me
743 1258 837 1324 decet
851 1279 950 1346 nsque
966 1259 1065 1323 teneri
1077 1263 1117 1352 iq

277 1365 407 1430 Ducere
423 1364 505 1430 dona
516 1365 606 1452 jube.
650 1363 766 1428 Cuncti
781 1362 941 1428 simulare
955 1363 1133 1428 fremebant
1249 1365 1299 1422 tta

212 1465 216 1476 ’
278 1467 485 1548 Dardanide,
499 1465 653 1552 reddique
668 1469 738 1531 viro
751 1467 905 1552 premissa
915 1465 1081 1553 jubebant.

279 1571 346 1636 Hic
360 1571 465 1658 gravis
480 1569 637 1636 Entellum
651 1569 745 1634 dictis
759 1573 893 1657 castigat
907 1572 1048 1648 Acestes,
1078 1587 1083 1594 ’

280 1673 445 1739 Proximus
457 1685 491 1738 ut
504 1669 661 1740 viridante
675 1687 744 1738 toro
758 1673 945 1738 consederat
960 1673 1083 1736 herbe:

280 1775 413 1856 Entella,
428 1775 558 1840 heroum
573 1774 729 1861 quendam
743 1775 910 1840 fortissime
924 1775 1049 1856 inisti-a,

265 1877 425 1982 ,Tantane
441 1889 504 1942 tam
518 1878 640 1963 patiens
655 1875 740 1942 nullo
753 1877 925 1942 certamine
940 1875 1006 1942 tolli
1035 1901 1041 1913 ¹
1253 1879 1304 1938 ³90

281 1980 376 2045 Dona
391 1979 473 2045 sines
483 1980 572 2046 tuabi
587 2001 669 2045 nunc
684 1983 775 2046 nobis
789 1979 867 2046 deas
882 1974 946 2063 ilie,
960 1981 1108 2068 magister

282 2081 505 2168 Nequidquam
520 2083 846 2169 memoratusEryxt
866 2083 921 2148 ubi
935 2084 1019 2148 sama
1033 2103 1092 2170 per
1105 2103 1226 2149 omnem

281 2187 490 2267 Trinacriam,
505 2200 536 2251 et
550 2183 650 2274 spolie
664 2185 718 2250 itta
733 2189 794 2250 tuis
807 2185 977 2272 pendentia
991 2187 1104 2252 tectis?
1158 2218 1163 2228 ·

283 2287 340 2354 tlte
354 2289 413 2354 snb
429 2289 497 2354 hee
509 2313 518 2355 t
530 2289 613 2363 ,tion
627 2287 731 2354 laudis
746 2309 846 2372 amor,
860 2311 919 2355 nac
933 2289 1033 2378 gioria
1048 2291 1143 2356 cessit

284 2391 377 2458 Pulsa
392 2408 475 2459 metu
490 2419 499 2476 ;
520 2393 577 2458 sed
591 2394 672 2458 enim
687 2391 810 2480 gelidus
824 2393 969 2460 tardante
984 2393 1110 2460 senecta
1255 2395 1306 2453 ³95

285 2497 418 2583 Sanguis
432 2497 538 2579 hebet,
552 2497 731 2586 frigentque
744 2495 857 2562 effoetm
872 2497 903 2563 in
917 2517 1052 2584 corpote
1069 2503 1166 2562 vires.

285 2601 318 2664 Si
332 2605 374 2665 mi
380 2601 422 2683 hi,
436 2623 507 2688 quae
523 2599 681 2688 quendem
695 2603 808 2683 inerat,
823 2600 947 2687 quaque
963 2601 1124 2688 improbus
1140 2601 1197 2666 iste

284 2705 429 2772 Exsultat
443 2706 552 2787 fidens,
566 2710 593 2771 si
608 2727 689 2774 nunc
704 2707 785 2771 soret
799 2703 853 2770 ttta
862 2707 1029 2812 juventaq3

285 2807 384 2874 Haud
399 2808 545 2895 equidem
559 2813 663 2894 pretio
675 2809 819 2874 inductus
832 2807 1028 2894 pulchroque
1038 2811 1178 2896 juvenco

286 2911 473 2976 Venissemt
495 2931 554 2975 nec
570 2909 653 2978 dona
668 2931 782 2976 moror.
828 2911 881 2976 Sic
896 2911 1013 2978 deinde
1028 2913 1159 2992 locutus,
1258 2913 1312 2970 400

287 3013 322 3077 In
338 3009 474 3076 medium
489 3011 628 3098 geminos
643 3015 770 3078 immani
785 3014 926 3099 pondere
940 3027 1052 3080 cestus

287 3115 431 3202 Projecit‚
447 3115 561 3199 quibus
576 3135 651 3180 acer
666 3115 758 3203 Eryx
774 3117 803 3181 in
819 3117 932 3203 praelia
946 3133 1051 3183 suetus

286 3217 384 3281 Ferre
399 3237 534 3296 manum,
549 3215 691 3304 duroque
705 3217 868 3284 intendere
882 3219 1018 3286 brachia
1031 3233 1131 3308 tergo.

285 3317 487 3405 Obstupuere
500 3323 614 3386 animi:
636 3333 793 3386 tantarum
808 3323 945 3410 ingentia
959 3339 1078 3411 septem

287 3421 393 3508 Terga
407 3422 502 3488 boum
516 3420 645 3509 plumbo
659 3423 760 3489 insuto
774 3427 921 3514 ferroque
935 3427 1091 3516 rigebant.
1265 3431 1317 3490 405

288 3527 370 3590 Ante
385 3547 492 3591 omnes
506 3540 608 3612 stupet
622 3529 691 3614 ipae
705 3527 818 3612 Dares,
834 3531 987 3618 longique
1002 3543 1145 3596 recusat:

289 3631 569 3716 Magnanimusqtte
583 3632 792 3700 Anchisiades
807 3647 838 3700 et
852 3635 974 3720 pondus
988 3647 1020 3700 et
1035 3639 1104 3720 ipsa

290 3733 365 3796 Huc
380 3732 454 3797 illuc
470 3733 642 3800 vinclorum
657 3738 808 3802 immensa
822 3735 982 3802 volumina
995 3751 1113 3803 versat.

288 3835 370 3900 Tum
386 3841 489 3901 senior
502 3837 582 3902 tales
596 3840 756 3905 reserabat
770 3854 898 3927 pectore
913 3861 1028 3907 voces:

289 3939 383 4020 Quid,
399 3941 423 4003 si
439 3941 507 4026 quis
522 3955 635 4006 castus
649 3945 744 4030 ipsius
759 3957 791 4009 et
806 3945 956 4010 Herculis
972 3967 1061 4012 arma
1268 3949 1324 4007 410

289 4041 442 4124 Vidisset,
457 4045 637 4132 tristemque
653 4047 713 4112 hoc
729 4049 840 4134 ipsein
856 4048 959 4114 littore
973 4053 1131 4136 pugnami

291 4147 372 4211 Haec
387 4166 553 4232 germanus
567 4149 660 4235 Eryx
674 4149 833 4235 quondam
847 4163 917 4217 tuus
933 4171 1022 4218 arma
1036 4153 1187 4239 gerebat:
