2890 5002
218 397 281 468 1³8
662 384 851 458 mutnus

260 554 459 638 Auratasqne
474 549 590 630 trabes,
605 561 746 614 veterum
757 547 875 614 decora
890 543 955 610 alta
968 546 1145 631 parentium,

261 653 459 720 Devolvunt:
483 653 537 718 alii
553 656 670 718 strictis
684 651 885 718 mucronibus
899 652 995 714 imas*
1219 651 1222 657 '

260 756 427 824 Obsedire
442 758 542 837 iores3
564 755 622 820 has
636 754 897 846 servantpagmine
912 752 1043 840 denso-,t
1239 763 1307 820 too

264 860 431 925 Instaurati
446 859 541 924 animi
556 861 638 946 regis
652 851 836 924 succurrere
852 856 950 936 tectis,

264 961 454 1048 Auxilioque
470 960 577 1026 levare
592 961 686 1042 viros,
700 964 826 1045 vimque
841 957 960 1024 addere
975 959 1075 1024 victis.

306 1063 418 1130 Limen
433 1077 511 1144 erat,
525 1083 678 1149 ceraque
693 1063 785 1140 fores,
800 1075 831 1125 et
844 1065 1072 1147 perviuspsus,

264 1165 434 1232 Tectorum
450 1170 531 1232 inter
545 1188 579 1230 se
595 1167 723 1244 Priami,
738 1177 904 1250 postesque
920 1163 1022 1230 relicti

263 1274 293 1337 A
308 1283 405 1356 tergo,
419 1268 530 1336 iuielix
546 1269 608 1353 quai
622 1291 667 1349 se,
680 1267 755 1334 dum
770 1289 867 1354 regna
881 1267 1060 1348 manebant,
1240 1277 1305 1332 4⁵5

266 1370 384 1459 Sapids
400 1370 621 1436 Andromache
636 1372 719 1436 ferre
735 1373 917 1436 incomitata
930 1369 1053 1434 solebat

264 1475 320 1542 Ad
331 1495 467 1553 soceros
483 1487 513 1538 et
529 1495 589 1539 avo
604 1495 736 1559 puerum
751 1475 947 1558 Astyanacta
961 1471 1117 1538 trahebat.

264 1575 377 1642 Evado
392 1575 433 1640 ad
449 1579 559 1642 summi
574 1577 698 1662 fastigia
714 1576 867 1656 culminis,
882 1575 965 1640 unde

264 1678 347 1743 Tela
361 1699 454 1756 manu
469 1682 575 1744 miseri
586 1679 751 1762 jactabant
765 1682 855 1744 irrita
870 1679 1001 1744 Teucri.

265 1781 393 1847 Turrim
408 1783 440 1845 in
454 1784 607 1866 precipiti
622 1795 765 1861 stantem,
779 1785 968 1866 summisque
985 1782 1043 1846 sub
1058 1795 1142 1848 astra

266 1885 422 1950 Eductam
437 1889 538 1964 tectis,
552 1883 635 1950 unde
650 1889 750 1950 omnis
765 1885 864 1972 Troja
878 1884 992 1965 videri,

266 1986 308 2052 Et
321 1986 469 2052 Danatim
484 1985 580 2052 solita
595 2006 701 2066 naves,
716 1999 747 2050 et
762 1986 886 2051 Achaia
900 2001 1015 2070 castra,

265 2092 414 2176 Aggressi
429 2087 514 2154 ferro
528 2086 657 2168 circum,
672 2087 734 2174 quit
749 2089 1025 2206 summayabantes
1041 2125 1049 2166 t

266 2193 436 2257 Juncturas
450 2191 590 2258 tabulata
604 2191 733 2271 dabant,
748 2191 951 2258 convellimus
966 2193 1036 2260 altis

267 2295 411 2376 Sedibus,
427 2295 676 2381 impulimusquc.
699 2295 747 2358 Ea
763 2295 851 2380 lapsa
866 2298 996 2380 repente
1011 2300 1133 2362 ruinam

266 2401 349 2464 Cum
365 2393 465 2464 sonitu
481 2399 585 2478 trahit,
600 2413 631 2464 et
645 2399 789 2464 Danaitm
804 2421 898 2485 super
913 2402 1038 2487 agmina
1053 2400 1116 2466 latia

268 2502 399 2567 Incidit:
422 2517 470 2567 ast
485 2503 540 2568 alii
555 2503 708 2568 subeunt:
730 2525 789 2568 nec
804 2524 891 2582 saxa,
906 2525 965 2568 nec
979 2502 1078 2570 ullum

268 2605 418 2670 Telorum
434 2609 553 2670 interea
568 2617 671 2670 cessat
684 2627 791 2692 genus.

269 2708 468 2774 Vestibulum
483 2722 555 2774 ante
570 2709 670 2793 ipsum
684 2712 848 2796 primoque
865 2710 895 2776 iu
910 2710 1015 2776 limine
1031 2711 1173 2799 Pyrrhus

269 2811 425 2888 Exsultat,
441 2811 510 2872 telis
525 2823 556 2872 et
571 2810 640 2874 luce
654 2833 802 2876 coruscus
816 2812 929 2878 aheni.

270 2909 382 2992 Qualis
397 2912 452 2974 ubi
467 2913 499 2978 in
515 2909 616 2974 lucem
627 2912 767 2994 coluber,
783 2915 865 2979 mala
878 2917 1019 3003 gramina
1034 2929 1149 3004 pastus,

270 3010 401 3098 Frigida
416 3011 475 3076 sub
490 3010 574 3076 terrd
589 3013 739 3078 tumidum
755 3038 848 3101 quem
863 3018 975 3084 bruma
989 3022 1124 3107 tegebat,

272 3115 363 3180 Nunc
378 3115 486 3200 positis
500 3137 599 3182 novus
614 3120 745 3198 exuviis,
759 3119 937 3205 nitidusque
948 3123 1086 3210 juventi,

272 3216 413 3282 Lubrica
426 3216 581 3304 convolvit
596 3217 719 3284 sublato
733 3234 860 3306 pectore
875 3235 964 3309 terga

273 3317 400 3384 Arduus
415 3319 455 3384 ad
470 3317 577 3400 solem,
592 3332 623 3385 et
638 3318 750 3408 tinguis
764 3327 859 3388 micat
872 3345 927 3388 ore
943 3324 1102 3390 trisulcis..

275 3418 347 3486 Unci
362 3421 467 3508 ingens
484 3420 646 3506 Periphas,
660 3437 692 3488 et
705 3445 856 3509 equorum
871 3427 1003 3512 agitator
1019 3424 1152 3494 Achillis

275 3524 419 3610 Armiger
434 3524 639 3604 Automedon,
654 3524 715 3590 nuti
729 3528 827 3592 omnis
844 3529 957 3614 Scyria
971 3531 1081 3614 pubes,

276 3625 453 3692 Succedunt
467 3641 559 3708 tecto,
574 3642 605 3692 et
619 3629 758 3694 flammas
772 3630 813 3695 ad
827 3631 962 3698 cularina
972 3635 1103 3720 jactant.

275 3731 346 3816 lpse
361 3729 441 3793 inter
454 3733 572 3814 primos
586 3733 732 3818 correpta
746 3731 826 3798 dura
841 3735 968 3820 bipenni

276 3831 400 3898 Limina
413 3833 595 3919 perrumpit,
609 3846 775 3920 postesque
791 3857 810 3899 a
824 3837 952 3902 cardine
968 3837 1054 3904 vellit

278 3935 420 4016 AEratos3
437 3937 576 4023 jamque,
591 3939 697 4004 excisi
711 3941 811 4018 trabe,
826 3941 916 4006 firma
930 3941 1055 4006 cavavit

278 4039 417 4119 Robora,
432 4051 463 4104 et
477 4040 631 4128 ingentem
645 4040 709 4108 lato
723 4043 810 4110 dedit
823 4067 878 4112 ore
893 4045 1073 4112 fenestram.
1100 4035 1111 4120 l
