2928 5002
231 432 269 484 42
625 416 914 480 GEORGiCOstUM

276 575 344 640 Hes
360 579 436 640 inter
452 575 658 660 mediamque,
675 574 742 636 due
759 569 935 634 mortalibus
951 569 1036 650 egris

271 669 407 746 Munere
420 701 574 746 concesse
592 676 716 757 divitm3
739 676 788 740 vin
804 689 888 738 secte
904 694 960 757 per
976 671 1091 748 arubae,

276 787 428 870 Obliquus
445 784 505 872 qui
521 807 554 848 se
567 786 725 869 signorum
737 794 871 846 verteret
880 781 967 844 ordo.

276 889 422 968 Mundus,
439 905 472 953 ut
488 891 527 954 ed
544 887 703 972 Scythium
721 887 928 972 Rhipeesque
944 883 1056 946 arduus
1072 900 1161 944 orces
1245 876 1307 937 eto

279 995 454 1080 Consurgit,
470 997 618 1081 premitur
634 992 740 1078 Libye
758 994 896 1058 devexus
912 991 941 1054 iu
954 1003 1081 1054 austros.

279 1098 340 1164 Hic
356 1115 464 1165 vertex
480 1101 567 1166 nobis
583 1121 706 1183 semper
722 1098 877 1160 sublimis:
901 1110 931 1158 et
946 1095 1031 1158 illum

280 1207 344 1270 Sub
361 1206 492 1292 pedibus
509 1204 588 1288 Styx
604 1217 669 1267 utre
684 1203 777 1279 videt,
794 1199 966 1282 Manesque
982 1197 1135 1283 profundi.

277 1311 432 1376 Maximus
447 1309 498 1374 hic
513 1309 597 1372 flexu
614 1309 735 1372 sinuoso
751 1306 880 1369 elabitur
894 1305 1014 1388 Anguis

277 1414 414 1493 Circium,
431 1437 547 1500 perque
563 1414 640 1478 dues
656 1413 686 1476 in
702 1431 819 1474 morem
836 1408 968 1474 fluminis
983 1409 1106 1486 Arctos,
1247 1403 1310 1468 245

277 1522 390 1584 Arctos
403 1520 511 1584 oceeni
527 1533 700 1582 metuentes
716 1537 837 1602 equore
854 1515 948 1600 tingi:

276 1625 353 1702 Illic,
370 1639 402 1688 ut
416 1626 587 1711 perhibent,
604 1639 656 1688 aut
670 1625 853 1708 intempeste
869 1623 937 1686 silet
952 1641 1015 1688 uox

278 1729 409 1815 Semper
424 1744 456 1794 et
470 1729 595 1794 obtenti
609 1729 775 1794 densantur
790 1741 881 1792 noete
897 1727 1030 1790 tenebre
1045 1749 1054 1806 ς

278 1835 341 1897 Aut
356 1835 435 1898 redit
451 1857 468 1898 e
484 1835 571 1900 nobis
586 1836 717 1910 Aurora,
734 1833 878 1918 diemque
894 1833 1036 1910 reducit3

278 1937 407 2021 Nosque
424 1939 474 2002 ubi
491 1939 606 2023 primus
621 1939 708 2022 equis
724 1937 836 2001 Oriens
852 1937 963 2002 efflavit
979 1935 1113 2012 anhelis,
1250 1935 1315 1994 25⁰

277 2041 342 2105 lllic
359 2055 426 2105 sera
443 2044 556 2106 rubens
572 2043 714 2106 accendit
729 2040 843 2106 luminu
857 2041 989 2126 Vesper.

323 2141 405 2208 Hinc
421 2159 619 2233 tempestates
636 2146 728 2210 dubio
743 2144 926 2230 praediscere
939 2143 1020 2210 coslo

277 2247 456 2329 Possumus,
469 2249 540 2314 hinc
556 2252 726 2335 messisque
742 2251 835 2328 diem,
852 2263 1033 2334 tempusque
1049 2245 1193 2324 serendi3
1303 2336 1307 2342 Ι

277 2355 321 2420 Et
336 2359 459 2440 quando
470 2357 597 2422 infidum
612 2358 706 2422 remis
721 2355 878 2442 impellere
894 2375 1027 2418 marmor

279 2459 452 2528 Conveniet
461 2486 471 2542 3
496 2464 618 2546 quando
634 2455 766 2526 moratas
781 2460 938 2524 deducere
954 2459 1078 2535 classes,
1253 2457 1318 2523 255

277 2565 341 2631 Aut
357 2570 568 2653 tempestivum
582 2568 662 2634 silvis
679 2582 817 2632 evertere
833 2566 950 2651 pinum.
1134 2637 1137 2642 ¹

279 2673 311 2736 N
313 2695 350 2737 eo
367 2673 476 2738 frustra
489 2674 642 2758 signorum
658 2674 759 2738 obitus
773 2669 968 2757 speculemur
983 2683 1016 2736 et
1029 2683 1123 2747 ortus,

278 2776 547 2860 Temporibusque
564 2801 674 2860 paremv
685 2778 811 2842 diversis
827 2791 954 2860 quatuor
970 2797 1094 2839 ennom.

323 2881 466 2964 Frigidus
481 2881 647 2961 agricolam
662 2882 686 2944 si
704 2881 824 2964 quaudo
840 2880 974 2944 continet
986 2880 1096 2960 imber,

279 2983 389 3062 Multa,
407 2983 507 3047 forent
523 3005 590 3068 quae
606 3005 680 3047 mox
690 2983 776 3048 coelo
792 2985 985 3069 properanda
1001 2977 1122 3062 sereno,
1253 2987 1319 3048 260

279 3091 436 3154 Maturare
453 3089 563 3152 datur:
588 3091 697 3155 durum
713 3091 855 3176 procudit
870 3105 970 3158 orator

279 3196 422 3260 Vomeris
437 3197 535 3260 obtusi
552 3197 677 3264 dentem
686 3222 698 3280 3
719 3215 808 3264 cavet
824 3199 931 3263 arbore
947 3199 1071 3276 lintres3

279 3293 344 3364 ssot
358 3301 462 3386 pecori
478 3302 607 3386 signum,
617 3317 676 3382 opt
690 3325 833 3370 numeros
848 3305 1000 3390 impressit
1015 3305 1132 3370 acervis
1146 3325 1169 3374 τ.

211 3394 215 3402 ’
282 3405 449 3491 Execuopt
464 3407 514 3470 elii
529 3407 624 3472 vallos
638 3406 800 3494 furcasque
815 3410 967 3487 bicornes,

279 3512 383 3594 Atque
399 3511 546 3576 Amerino
562 3525 669 3597 parunt
684 3513 771 3578 lente
786 3513 955 3590 retinaculo
971 3513 1043 3578 viti:
1251 3516 1319 3578 265

282 3615 375 3680 Nunc
391 3616 487 3682 facilis
502 3616 599 3682 rubet
614 3631 734 3684 texetur
750 3620 855 3686 fiscina
870 3618 954 3704 virge
963 3641 974 3699 3

282 3720 314 3784 N
317 3743 375 3785 unc
392 3736 504 3787 torrete
521 3723 580 3807 igni
596 3721 710 3808 fruges,
727 3746 807 3788 nunc
823 3722 950 3808 frangite
967 3746 1054 3788 sexo.

327 3825 452 3910 Quippe
469 3826 560 3890 etism
577 3825 661 3892 sestis
676 3829 816 3913 quedem
832 3850 981 3896 exercere
998 3831 1106 3898 diebus

284 3929 346 3994 Fus
362 3943 393 3993 et
403 3929 473 4016 jure
489 3931 608 3996 sinunt:
630 3934 710 3998 rivos
726 3934 881 3999 deducere
897 3935 979 4000 nulle

282 4033 415 4118 Reiligio
431 4036 534 4114 vetuit,
545 4041 641 4122 segeti
657 4039 848 4122 pretendere
864 4061 982 4125 sepem,

283 4139 409 4204 lusidius
425 4139 529 4206 ovibus
544 4143 652 4221 moliri,
668 4144 834 4214 incendere
850 4167 970 4234 vepres,
