2648 5288
505 105 620 163 LlBER
641 109 689 166 Xl.

115 249 245 313 Abstulit
261 264 328 313 atra
344 249 421 329 dies,
436 265 466 314 et
482 252 589 315 sunere
605 255 709 317 mersit
724 255 852 318 acerbo.
871 285 874 291 ·

153 355 205 416 Sic
220 354 264 416 ait
278 353 489 440 illacrymans,
504 357 676 441 recipitque
691 356 731 420 ad
743 357 853 447 limina
868 379 1020 443 gressum,

112 452 234 540 Corpus
247 457 302 521 ubi
317 457 453 522 exanimi
467 463 600 543 positum
617 460 765 524 Pallantis
780 444 906 525 demtos
1104 471 1146 529 30

112 557 265 623 Servabat
278 561 392 640 senior,
406 563 460 646 qui
475 561 644 626 Parrhasio
658 563 807 628 Evandro

111 661 255 748 Armiger
268 663 341 726 autb
355 663 432 744 lnit3
452 665 509 729 sed
523 688 583 730 non
600 665 743 731 felicibus
757 667 848 752 eque

112 762 313 831 'l'um'comes
327 767 475 851 auspiciis
488 789 564 832 caro
579 768 670 832 datus
684 770 751 833 ibat
766 768 900 834 alumno.

111 865 240 932 Circium
254 889 362 933 omnes
375 869 586 953 lamulrlmque
601 893 721 950 manus,
735 871 934 958 Trojanaque
949 874 1051 953 turba,

110 967 151 1033 Et
162 987 307 1033 moesrum
322 969 436 1035 lliades
450 975 569 1036 crinem
583 973 624 1036 de
637 994 723 1037 more
738 973 857 1037 solutae.
1074 985 1077 991 “
1102 984 1146 1040 35

113 1067 155 1132 Ut
169 1070 246 1135 verb
260 1068 379 1136 AEneas
393 1072 510 1137 loribus
525 1095 593 1138 sese
608 1075 708 1139 intulit
723 1074 805 1155 altis,

111 1172 269 1261 lugentem
282 1178 428 1261 gemitum
443 1180 539 1241 tunsis
555 1177 595 1242 ad
611 1177 715 1242 sidera
730 1178 840 1242 tollunt

113 1277 303 1358 Pectoribus,
317 1293 488 1364 moestoque
503 1282 641 1367 immugit
656 1281 742 1367 regia
757 1280 853 1346 luctu.

112 1381 182 1467 lpse
195 1396 291 1469 caput
304 1386 388 1448 nivei
403 1382 512 1448 fultum
528 1383 676 1448 Pallantis
691 1398 722 1449 et
736 1407 793 1449 ora

113 1482 155 1548 Ut
169 1484 258 1564 vidit,
274 1484 397 1571 levique
411 1500 521 1570 patens
536 1488 568 1549 in
582 1500 710 1571 pectore
725 1485 836 1552 vulnus
911 1520 914 1525 v

113 1586 259 1675 Cuspidis
274 1590 429 1669 Ausoniae,
444 1589 593 1675 lacrymis
608 1593 651 1654 ita
666 1590 749 1654 satur
762 1590 899 1656 obortis:

152 1690 252 1770 Tene,
265 1692 374 1776 inquit,
388 1691 564 1756 miserande
579 1714 665 1777 puer,
680 1713 775 1778 quum
790 1691 862 1758 laeta
876 1695 1005 1778 veniret,
1079 1766 1084 1775 ¹

114 1793 223 1859 inridit
237 1796 360 1859 fortuna
374 1796 460 1875 mibi,
475 1817 513 1859 ne
527 1818 623 1882 regna
637 1796 762 1862 videres

113 1896 234 1978 Nostra,
248 1920 350 1983 neque
364 1898 405 1963 ad
420 1898 511 1963 sedes
526 1901 624 1964 victor
639 1900 790 1964 veherere
805 1906 974 1987 paternas?

114 1997 181 2064 Non
194 1999 264 2064 hmo
278 2000 426 2065 Evandro
442 2001 481 2066 de
496 2015 526 2066 te
541 2003 693 2088 promissa
706 2003 829 2087 parenti

114 2100 286 2169 Discedens
299 2102 459 2185 dederam,
474 2126 568 2190 quum
583 2127 632 2169 me
647 2105 827 2191 complexus
842 2118 966 2169 euntem

116 2204 250 2272 llitteret
265 2208 451 2294 in-magnum
465 2209 639 2293 imperium,
654 2220 854 2292 metuensque
869 2219 1009 2271 moneret

116 2311 209 2376 lieres
223 2333 293 2375 esse
307 2315 401 2391 viros,
414 2334 485 2375 cum
500 2311 578 2376 duria
594 2309 705 2396 proelia
719 2323 822 2397 gente.

116 2411 152 2478 Et
164 2436 246 2480 nunc
262 2414 314 2479 ille
329 2414 464 2500 quidem,
479 2437 534 2501 spe
549 2412 676 2479 multum
692 2429 801 2501 captus
816 2417 914 2495 inani,

117 2512 189 2582 Fors
203 2530 236 2582 et
249 2531 322 2581 vota
337 2518 422 2596 lacit,
437 2516 635 2602 cumulatque
650 2516 761 2582 altaria
775 2516 883 2598 douis;
897 2544 899 2549 ·

116 2618 176 2684 lios
185 2622 336 2706 juvenem
351 2620 537 2699 exanimum,
552 2634 583 2682 et
597 2618 640 2684 nil
650 2621 718 2708 jam
731 2620 910 2688 coelestibus
924 2618 997 2685 ullis

117 2720 300 2802 Debentem,
314 2726 511 2787 vanomoesti
527 2724 709 2787 comitamur
724 2724 854 2791 honore.

116 2824 233 2906 lulelix,
249 2828 311 2889 nati
326 2826 415 2890 funus
430 2825 557 2890 crudele
573 2825 696 2891 videbis
711 2828 720 2889 l

116 2928 156 2995 Hi
170 2930 268 2996 nostri
282 2929 398 2993 reditus
414 2932 647 3014 exspectatique
663 2927 825 3014 triumphi!

116 3034 191 3100 Haec
207 3057 279 3099 mea
293 3056 405 3120 magna
420 3034 516 3098 fides!
539 3037 579 3097 At
594 3056 665 3111 non,
680 3031 839 3112 Euandre,
853 3032 1011 3117 pudendis

115 3136 306 3206 Vulneribus
320 3136 442 3223 pulsum
457 3133 633 3219 adspicies,
656 3131 856 3229 uecsospite)
858 3131 960 3196 dirum

114 3240 245 3329 Optabis
261 3254 333 3307 nato
348 3241 437 3303 sunus
454 3253 552 3322 pater.
599 3237 663 3301 Hei
678 3235 772 3299 mibi!
796 3247 944 3319 quantum

118 3344 309 3421 Presidium,
324 3346 472 3421 Ausonia,
487 3355 519 3404 et
533 3354 681 3425 quantum
697 3353 728 3401 tu
744 3336 860 3423 perdis,
875 3336 959 3401 liile!

155 3450 237 3514 Haec
253 3449 307 3512 ubi
322 3446 456 3525 deflevit,
470 3446 538 3510 tolli
554 3442 730 3508 miserabile
744 3463 858 3528 corpus

115 3551 259 3640 lmperat,
274 3567 305 3617 et
319 3565 383 3615 toto
398 3550 495 3614 lectos
510 3571 550 3613 ex
566 3549 687 3635 agmine
702 3547 792 3610 mittit

113 3655 201 3723 Mitte
215 3659 310 3734 viros,
324 3657 377 3740 qui
392 3674 568 3739 supremum
583 3653 769 3714 comitentur
782 3647 945 3726 honorem,

114 3758 318 3844 lutersiutque
331 3758 432 3845 patris
447 3754 614 3840 lacrymis:
635 3751 746 3816 solatia
762 3747 864 3814 lucttls
