2890 5002
532 855 899 951 AENEIDOS

533 1149 670 1218 LIBER
691 1150 903 1258 ruiturus

219 1353 386 1424 Posrauu
398 1373 451 1417 res
464 1353 550 1417 Asiae
566 1353 745 1440 Priamique
758 1366 901 1420 evertere
914 1365 1038 1442 gentem

216 1457 404 1522 immeritam
417 1460 520 1522 visum
533 1457 664 1544 superis,
678 1456 855 1543 ceciditque
870 1456 1039 1544 superbum

214 1559 315 1640 ilium,
330 1573 361 1626 et
375 1560 476 1625 omnis
490 1558 585 1626 humo
598 1559 697 1626 fumat
708 1559 865 1646 Neptunia
880 1560 987 1648 Troja,

178 1727 185 1738 ,
211 1663 352 1730 Diversa
367 1663 478 1730 exsilia
493 1677 524 1729 et
537 1663 681 1730 desertas
696 1685 839 1751 quaerere
853 1677 954 1730 terras

210 1767 359 1854 Augur-iis
374 1767 494 1853 agimur
508 1766 615 1832 divum
627 1792 636 1848 ;
657 1766 853 1853 classemque
867 1767 927 1831 sub
942 1765 1009 1853 ipsi

211 1869 378 1937 Antandro
392 1883 424 1935 et
440 1869 587 1957 Phrygiae
602 1867 745 1935 molimur
759 1869 914 1935 montibus
929 1867 1005 1949 ldae,

211 1975 327 2040 lacerti
342 1974 407 2062 qud
420 1974 486 2039 iata
500 1975 612 2056 ierant,
625 1975 680 2040 ubi
695 1975 804 2040 sistere
819 1973 931 2054 detur3

211 2076 500 2164 Contrahimnsque
512 2081 605 2170 uiros.
649 2079 718 2144 Vix
731 2077 833 2165 prima
847 2078 1007 2163 inceperat
1020 2087 1122 2157 astas,

211 2181 254 2247 Et
267 2195 360 2268 pater
374 2181 529 2247 Anchises
543 2180 622 2246 dare
637 2181 708 2246 fatis
722 2181 793 2246 vela
803 2179 959 2266 jubebat3

210 2283 334 2350 littora
348 2307 444 2371 quum
458 2285 568 2372 patriae
582 2283 763 2371 lacrymans
776 2293 947 2369 portusque
961 2281 1115 2369 r'elinquo,
1218 2287 1257 2346 10

214 2386 258 2451 Et
271 2407 396 2472 campos
411 2387 466 2452 ubi
480 2387 578 2475 Troja
593 2387 670 2450 furit:
693 2385 778 2449 feror
792 2384 880 2448 exsul
896 2385 928 2448 in
942 2383 1038 2449 altum

213 2487 299 2553 Cum
313 2490 411 2571 soris,
424 2502 571 2574 natoque,
588 2487 767 2567 Penatibus,
781 2498 813 2550 et
827 2489 948 2573 magnis
961 2485 1023 2550 dis.

257 2589 362 2654 Terra
373 2589 483 2676 procul
496 2590 593 2655 vastis
608 2587 721 2654 colitur
735 2588 895 2652 Mavortia
908 2587 1036 2672 campis,

211 2689 355 2757 Thraces
369 2705 471 2774 arant,
484 2693 552 2758 acri
566 2690 723 2779 quondam
737 2703 869 2778 regnata
882 2690 1032 2777 Lycurgo
1043 2715 1053 2772 ;

209 2795 393 2880 Hospitium
407 2795 568 2881 antiquum
583 2795 699 2880 Trojas,
714 2795 854 2880 sociique
870 2793 1012 2874 Penates,
1218 2799 1256 2858 15

210 2895 299 2960 Dum
314 2897 435 2963 fortuma
448 2899 518 2963 iirit.
562 2895 661 2962 Feror
676 2896 749 2977 huc,
763 2910 795 2962 et
809 2895 911 2962 littore
925 2915 1023 2962 curvo

210 2993 331 3064 Moenia
345 3001 446 3086 prima
460 2998 541 3080 loco,
554 2999 650 3064 satis'
641 3019 797 3086 ingressus
812 2999 945 3084 iniquis:

211 3097 433 3188 Emeadosque
447 3123 518 3168 meo
532 3123 646 3167 nomen
659 3101 700 3166 de
714 3101 838 3166 nomine
853 3101 945 3186 fingo.

255 3203 356 3268 Sacra
369 3203 511 3269 Dionaeae
526 3187 620 3269 matri
634 3203 778 3289 divisque
792 3203 935 3269 ferebam

207 3306 402 3391 Auspicibus
416 3320 590 3393 coeptorum
605 3327 753 3394 operum3
775 3326 957 3422 superoque
966 3306 1133 3389 nitentem,
1214 3315 1256 3374 20

210 3404 401 3474 Coelicoldm
415 3431 482 3498 regr
473 3409 698 3476 ‘'mactabam
689 3432 720 3475 ur
735 3409 837 3475 littore
853 3379 987 3474 tauruin.

210 3505 308 3575 Porti
322 3511 403 3576 fuit'
388 3513 480 3600 Juxta
494 3513 628 3578 tumulus
629 3533 716 3600 ,quo
729 3535 846 3579 cumea
860 3534 980 3578 summo

209 3611 369 3700 virgulta,
383 3627 415 3679 et
429 3613 536 3681 densis
551 3615 714 3683 hastilibus
729 3615 858 3681 horrida
871 3629 1004 3703 myrtus.

209 3717 363 3800 Accessi3
384 3718 579 3807 viridemque
594 3723 637 3787 ab
651 3720 747 3787 humo
759 3719 938 3786 conuellere
953 3719 1064 3787 silvam

208 3817 365 3902 conatus,
378 3826 475 3888 ramis
489 3837 626 3912 tegerem
640 3838 675 3889 ut
688 3823 1001 3906 frondentstrusaras,
1216 3832 1256 3891 9⁵

207 3919 419 3990 Horrendum
433 3938 466 3991 et
478 3925 566 3992 dictu
579 3926 674 3992 video
688 3926 832 3993 mirabile
846 3940 1031 3994 monstrum:
1043 3933 1054 3996 i

204 4023 300 4090 Nam
315 4047 384 4112 quae
398 4029 499 4114 prima
513 4030 582 4097 solo
596 4032 695 4119 ruptis
707 4030 866 4098 radicibus
881 4031 973 4097 arbos
