2792 4998
211 451 271 505 390
663 441 852 502 AENElDOS

254 600 316 661 Aut
331 615 437 660 ensem
450 592 547 678 (quid
563 593 645 658 enim
657 596 728 658 sine
743 607 774 656 te
789 593 925 659 Jutuma
937 593 1058 658 valeret
1068 592 1101 676 l)

254 705 405 790 Ereptum
420 699 511 766 reddi
526 701 645 779 Turno,
658 713 692 764 et
705 700 767 764 vim
780 718 929 764 crescere
944 702 1035 764 victis
1049 705 1062 764 l

254 805 373 871 Desine
383 808 451 893 jam
465 801 603 881 tandem,
618 801 829 886 precibusque
844 801 1005 868 inflectere
1020 805 1152 884 nocuis,
1236 815 1294 875 800
1390 795 1391 878 l

254 911 323 974 Nec
339 924 369 975 te
384 923 486 974 tantus
500 906 573 972 edat
589 910 716 972 tacitam
729 905 846 985 dolor3
868 920 899 970 et
913 905 991 970 milti
1004 927 1089 972 curae

257 1015 348 1100 Saepe
363 1027 415 1077 tuo
431 1012 515 1078 dulci
530 1013 632 1076 tristes
647 1033 690 1076 ex
702 1033 758 1076 ore
773 1025 945 1076 recurrent.
1390 995 1391 1046 l

257 1117 395 1182 Ventum
411 1115 452 1180 ad
467 1135 646 1201 supremum
661 1127 719 1180 est.
763 1115 871 1180 Terris
887 1119 1007 1201 agitare
1021 1115 1073 1182 vel
1087 1115 1180 1182 undis

255 1219 411 1308 Trojanos
426 1221 561 1305 potuisti,
576 1219 737 1284 infandum
751 1218 929 1284 accendere
944 1218 1070 1299 bellum,

254 1323 444 1389 Deformare
458 1323 593 1402 domum,
608 1337 640 1388 et
654 1323 738 1388 luctu
749 1327 883 1388 miscere
899 1322 1100 1408 hymeneos:
1233 1333 1292 1392 805
1390 1315 1391 1364 l

257 1427 395 1492 Ulterids
411 1443 531 1493 tentare
546 1440 628 1492 veto.
674 1429 727 1492 Sic
742 1428 867 1514 Jupiter
881 1446 986 1490 orsus:
1390 1469 1391 1498 i

257 1531 309 1594 Sic
325 1529 387 1594 dea
401 1526 555 1594 'submisso
569 1531 678 1596 coutrtl
692 1531 839 1596 Saturnia
853 1527 959 1594 vultu:

257 1635 320 1698 Ista
335 1634 462 1717 quidem
477 1639 551 1720 quia
567 1647 640 1700 nota
655 1634 732 1700 mihi
747 1647 810 1713 tua,
825 1653 948 1719 magne,
961 1631 1115 1712 voluntas,

252 1737 388 1823 Jupiter,
404 1752 434 1801 et
449 1739 590 1802 Turnum
605 1751 637 1802 et
652 1751 752 1804 terras
768 1739 864 1802 invita
877 1736 1003 1821 reliqui.

228 1922 233 1934 ἴ
256 1841 325 1904 Nec
341 1855 373 1904 tu
388 1863 438 1905 me
452 1841 537 1904 airid
553 1841 651 1906 solam
667 1863 748 1907 nunc
765 1841 840 1906 sede
855 1840 981 1906 videres
1234 1850 1295 1908 ato

256 1942 371 2028 Digna,
386 1942 522 2028 indigna,
536 1947 622 2029 pati3
644 1944 700 2008 sed
717 1943 849 2010 flammis
863 1946 968 2010 cincta
982 1943 1041 2008 sub
1057 1947 1158 2028 ipsam

257 2045 379 2108 Stnrem
394 2047 740 2131 aciemnaheremque
756 2047 882 2110 inimica
896 2048 928 2110 in
944 2045 1056 2132 proelia
1071 2046 1226 2112 Teucros.

255 2148 420 2212 Juturnam
435 2150 558 2230 misero,
573 2151 683 2232 fateor,
698 2171 882 2215 succurrere
898 2151 988 2216 tratri

256 2253 355 2332 Suasi,
371 2267 401 2317 et
416 2275 473 2339 pro
489 2253 553 2318 vitei
567 2255 687 2340 majora
702 2253 820 2319 audere
835 2253 986 2338 probavi,

256 2358 326 2422 Non
343 2369 375 2420 ut
389 2355 451 2420 tela
466 2370 580 2435 tamen,
595 2379 656 2421 non
672 2371 704 2421 ut
718 2355 922 2422 contenderet
936 2378 1063 2424 arcum:
1234 2367 1296 2424 atu

259 2459 380 2546 Adjuro
397 2461 499 2546 Stygii
512 2472 609 2546 caput
623 2458 825 2546 implacabile
840 2461 942 2538 fontis,

257 2563 329 2627 Una
344 2563 522 2648 superstitio
540 2567 661 2648 superis
677 2585 746 2648 quae
761 2563 886 2629 reddita
900 2564 994 2630 diris.

255 2667 296 2731 Et
313 2689 394 2734 nunc
409 2667 489 2731 cedo
504 2666 659 2752 equidem,
674 2687 856 2753 pugnasque
871 2689 970 2734 exosa
981 2667 1137 2755 relinquo.

223 2831 225 2836 ,
256 2769 336 2834 lllud
351 2783 391 2850 te,
405 2769 489 2834 nulli
504 2771 559 2834 sati
573 2770 656 2853 quod
672 2769 741 2857 lege
756 2783 887 2852 tenetur,

256 2873 317 2936 Pro
333 2873 423 2937 Latio
438 2873 585 2950 obtestor,
599 2895 658 2957 pro
672 2876 833 2961 majestate
849 2887 990 2940 tuorum:

256 2975 358 3056 Quum
369 2976 435 3059 jam
450 2963 740 3060 connubiis'pacem
754 2974 906 3056 salicibus,
921 2990 997 3056 esto,

257 3075 461 3160 Component‚
476 3097 570 3159 quum
581 3078 648 3162 jam
664 3076 748 3162 leges
763 3090 795 3142 et
808 3076 931 3143 lutdera
941 3079 1081 3166 jungent,

256 3177 305 3241 Ne
320 3190 407 3241 vetus
422 3177 585 3264 indigenas
600 3201 711 3244 nomeu
726 3193 846 3246 mutare
863 3181 1003 3262 Latinos,

255 3281 285 3345 N
287 3303 325 3346 eu
341 3282 442 3346 Troas
457 3283 525 3346 fieri
535 3283 659 3368 jubeas,
674 3285 878 3371 Teucrosque
894 3287 1012 3366 vocari,

256 3387 317 3448 Aut
332 3405 441 3448 vocem
456 3397 575 3449 mutare
590 3389 685 3466 viros,
700 3401 754 3452 aut
768 3401 889 3452 vertere
905 3401 1019 3454 vestes.

255 3491 300 3551 Sit
316 3488 449 3568 Latium,
463 3489 523 3552 sint
538 3489 655 3554 Albani
668 3513 727 3576 per
742 3491 858 3556 soecula
874 3513 985 3578 reges;

255 3594 301 3656 Sit
317 3591 459 3656 Romana
473 3603 582 3678 potens
598 3592 676 3658 Itale
692 3595 803 3660 virtute
817 3617 978 3683 propago:

253 3695 389 3774 Occidit,
404 3695 617 3782 occideritque
633 3698 715 3762 sinas
730 3721 801 3762 cum
815 3703 950 3780 nomine,
966 3701 1075 3788 Troja.

294 3797 356 3863 Olli
370 3800 535 3866 subridens
549 3801 706 3866 hominurn
721 3823 888 3888 rerumque
903 3818 1065 3890 repertor:

252 3905 293 3967 Et
306 3925 454 3990 germano
469 3905 568 3984 Jovis,
580 3906 766 3991 Saturnique
782 3906 882 3972 altera
897 3908 1011 3994 proles,

252 4007 370 4069 lrerum
386 4018 487 4070 tantos
501 4005 600 4070 volvis
616 4009 674 4072 sub
688 4020 815 4092 pectore
831 4009 960 4074 fluctus!

251 4107 372 4172 ‘vernn
387 4130 456 4194 age,
471 4123 501 4173 et
516 4111 674 4196 inceptum
688 4113 803 4177 frustra
818 4111 963 4178 submitte
979 4115 1121 4184 furorem
1138 4143 1146 4182 z
