2756 5010
234 455 291 516 ast
674 427 863 514 muamus

277 605 428 692 Equum,
443 612 557 694 quique
572 606 667 672 Cales
681 607 830 693 linquunt,
845 607 1004 692 amnisque
1018 607 1131 674 vadosi

276 709 396 775 Accola
411 709 568 789 Vulturni,
582 713 761 795 pariterque
777 709 933 774 Saticulus
948 731 1052 795 asper,

276 811 489 900 Oscorumque
503 833 623 876 manus.
667 812 798 878 Teretes
813 826 882 878 sunt
897 809 1030 898 aclydes
1044 810 1105 876 illis
1236 815 1284 872 tw

203 979 207 982 .
274 911 365 994 Tela,
380 914 435 980 sed
450 915 518 980 huc
534 914 617 981 lento
631 937 697 980 mos
711 929 758 980 est
772 929 882 1000 aptare
897 913 1040 1001 flagell03

275 1015 385 1082 Levas
395 1020 604 1138 caetrastegit3
626 1016 733 1082 falcati
748 1019 921 1082 comminus
936 1037 1038 1080 enses.

316 1093 418 1183 Nec
400 1133 431 1183 tu
446 1120 634 1184 carminibus
648 1119 760 1184 nostris
775 1118 910 1184 indictus
924 1118 1040 1200 abibis,

273 1219 407 1302 OEbale,
414 1243 507 1306 quem
521 1221 685 1308 generasse
700 1220 800 1286 Telon
816 1220 989 1286 Sebethide
1003 1221 1144 1310 nympha

273 1323 396 1405 Fertur,
409 1323 583 1389 Teleboum
598 1325 741 1410 Capreas
755 1345 848 1410 quum
862 1347 960 1412 regna
974 1339 1094 1392 teneret
1238 1329 1282 1386 735

274 1427 345 1491 Jam
360 1431 482 1507 senior-3
503 1428 612 1512 patriis
628 1426 684 1492 sed
699 1449 760 1492 non
776 1441 807 1490 et
820 1427 901 1492 lilius
916 1432 1001 1494 arvis

273 1527 456 1609 Contentus,
470 1528 533 1594 late
543 1531 610 1616 jam
625 1542 688 1594 tum
703 1529 821 1594 ditione
834 1531 1000 1616 premebat

274 1631 433 1694 Sarrastes
447 1631 587 1717 populos,
602 1644 633 1696 et
648 1653 718 1716 quae
733 1634 814 1718 rigat
827 1653 956 1718 aequora
972 1635 1099 1716 Sarnus,

273 1735 398 1820 Quique
414 1733 539 1813 Rufras,
554 1733 761 1820 Batulumque
777 1747 890 1815 tenent,
905 1750 999 1821 atque
1015 1757 1093 1802 arva
1107 1735 1253 1814 Celenae,

272 1835 315 1902 Et
328 1858 405 1922 quos
420 1835 568 1901 maldera
583 1834 767 1922 despectant
781 1841 897 1902 moenia
911 1837 1053 1904 Abellae:
1238 1839 1284 1898 'llll

273 1939 447 2004 Teutonico
461 1942 522 2002 ritu
537 1937 616 2002 soliti
632 1951 778 2024 torquere
792 1943 932 2019 cateias3

273 2037 426 2127 Tegmina
440 2043 529 2125 queis
543 2045 681 2124 capitum
695 2053 803 2125 raptus
818 2041 858 2105 de
874 2043 987 2107 subere
1002 2057 1131 2124 cortex3

273 2141 451 2228 AErataeque
466 2147 582 2209 micant
596 2137 699 2228 peltae,
715 2147 810 2208 micat
820 2165 922 2208 araus
936 2149 1031 2210 ensis.

315 2245 356 2310 Et
371 2259 401 2311 te
415 2260 562 2312 montosae
576 2245 690 2311 misire
705 2247 735 2310 in
751 2246 863 2330 proelia
874 2247 994 2329 Nersae,

272 2348 382 2429 Ufens,
397 2351 545 2436 insignem
561 2349 644 2415 lami
658 2363 689 2414 et
702 2347 848 2414 felicibus
863 2352 977 2431 armis;

272 2449 414 2515 Horrida
429 2450 588 2536 praeeipud
602 2451 652 2516 cui
667 2473 753 2536 gens,
768 2463 953 2537 assuetaque
967 2451 1064 2517 multo

271 2555 398 2620 Venatu
413 2575 581 2632 nemorum,
596 2553 683 2620 duris
698 2551 865 2638 AEquicula
880 2553 1001 2640 glebis:

270 2657 393 2722 Arnieti
406 2670 521 2720 terram
537 2669 695 2736 exercent,
709 2677 894 2741 semperque
908 2668 1058 2721 recentes

272 2757 469 2824 Convectare
479 2760 569 2844 juvat
584 2756 718 2842 praedas,
732 2770 764 2821 et
777 2757 884 2820 vivere
899 2770 1002 2842 rapto.

313 2861 396 2942 Quin
410 2875 441 2925 et
456 2860 620 2924 Marrubii
634 2861 718 2926 venit
731 2859 772 2924 de
786 2872 877 2946 gente
891 2859 1050 2940 sacerdos,

271 2961 395 3029 Fronde
409 2984 503 3048 super
515 2962 637 3048 galeam
651 2977 682 3026 et
696 2962 781 3028 ielici
795 2976 937 3049 comptus
950 2961 1044 3042 olivi,

269 3065 424 3150 Archippi
437 3067 519 3151 regis
534 3065 637 3144 missu,
652 3066 835 3130 fortissimus
851 3065 993 3132 Umbro:

270 3169 412 3254 Vipereo
426 3168 532 3254 generi
546 3181 579 3231 et
591 3171 730 3254 graviter
745 3167 933 3253 spirantibus
948 3167 1061 3255 hydr'u

264 3271 425 3357 ‘Spargere
440 3273 494 3356 qui
509 3292 633 3336 somnos
647 3283 803 3355 cantuque
818 3291 973 3354 manuque
988 3268 1122 3352 solebat,

30 3413 34 3420 ·
156 3453 157 3456 Ἴ
269 3375 493 3459 Mulcebatque
507 3377 581 3454 iras,
596 3387 627 3438 et
641 3395 760 3438 morsus
776 3386 843 3438 arte
858 3373 994 3439 levabat.

270 3478 333 3543 Sed
348 3500 408 3544 non
423 3477 595 3544 Dardania
610 3475 762 3542 medicari
775 3475 915 3562 cuspidis
929 3480 1030 3542 ictum

269 3583 415 3664 Evaluit3
436 3603 536 3669 neque
553 3603 623 3646 eum
634 3581 746 3668 juvere
761 3583 793 3645 in
807 3580 938 3646 vulnera
951 3595 1061 3646 cantus

270 3686 444 3765 Somnileri,
459 3697 490 3748 et
505 3685 620 3749 Marsis
635 3687 769 3769 quesita
785 3683 940 3748 montibus
954 3683 1075 3748 berbae.

269 3787 317 3852 Te
332 3809 438 3853 nemus
454 3787 615 3873 Anguitiae,
630 3783 729 3849 umeri
744 3797 774 3848 te
790 3783 924 3850 Fucinus
939 3784 1031 3866 unda,

269 3889 317 3954 Te
331 3889 440 3974 liquidi
455 3887 570 3952 llevrirc
586 3887 682 3951 lacus.

311 3991 382 4055 lbat
396 4003 426 4056 et
441 3988 612 4075 Hippolyti
626 3987 729 4074 proles
743 3987 954 4074 pulcherrima
968 3989 1054 4054 bello

268 4095 420 4172 Virbius3
442 4094 591 4178 insignem
606 4114 697 4177 quem
712 4103 810 4158 mater
825 4093 934 4158 Aricia
947 4093 1038 4174 misit,

269 4195 424 4262 Eductum
438 4196 560 4282 Egeria
575 4195 663 4277 lucia,
677 4195 836 4262 humentia
851 4196 971 4262 circum
