2648 5288
581 117 696 175 LIBER
717 118 766 175 lX.

97 268 242 331 Saevit
260 274 289 333 in
305 270 452 333 absentes
462 296 470 350 ;
493 269 627 334 collecta
643 272 752 359 fatigat
767 271 883 337 edendi

99 366 163 430 Ex
187 368 304 459 longo
319 374 437 453 rabies,
452 386 483 437 et
498 377 591 438 siccae
607 378 757 461 sanguine
772 376 890 441 lauces

104 467 248 539 Haud
263 475 355 541 aliter
370 475 488 540 Rutulo
503 499 608 541 muros
623 492 654 541 et
669 490 775 557 castra
795 479 891 544 tuenti

109 571 312 658 lgnescum
327 581 401 660 irae3
423 580 511 645 duris
525 580 617 646 dolor
631 576 754 647 ossibus
769 583 877 648 ardet:

111 675 206 757 Qu&
227 699 328 749 tentet
343 686 463 750 ratione
479 686 592 766 aditus,
607 701 638 749 et
654 708 721 772 quae
736 691 788 752 via
809 687 933 753 clausos

117 775 295 852 Excutiat
309 787 452 853 Teucros
466 787 560 867 vallo,
576 802 669 874 atque
684 789 823 854 effundat
837 793 870 854 in
885 813 1003 876 aequor.

120 879 300 971 Classem,
314 914 385 977 quae
402 891 492 956 lateri
507 905 682 957 castrorum
697 893 846 980 adjuncta
860 895 990 976 latebat,

123 986 323 1075 Aggeribus
339 1011 459 1082 septam
475 994 595 1059 circum
611 1009 642 1059 et
656 996 836 1063 fluvialibus
850 999 950 1079 undis,

125 1086 287 1181 loradin
308 1103 473 1186 sociosque
488 1101 633 1165 incendia
648 1106 750 1187 poscit
764 1119 915 1185 ovantes3

126 1193 248 1285 Atque
262 1225 388 1268 manum
403 1206 476 1290 pinu
492 1206 635 1291 flagranti
649 1205 789 1271 fervidus
804 1208 921 1292 implet.

128 1288 229 1368 Tum
242 1305 319 1371 vero
336 1308 535 1371 incumbunt:
559 1321 648 1393 urget
662 1312 831 1393 praesentia
845 1310 955 1389 Turni,

127 1396 249 1489 Atque
262 1410 362 1474 omnis
376 1410 497 1473 facibus
512 1410 612 1495 pubes
628 1412 801 1497 accingitur
816 1412 903 1476 atris.

124 1490 314 1596 Diripuere
331 1514 436 1591 focos;
457 1516 582 1598 piceum
597 1513 658 1576 sert
671 1513 791 1578 fumida
811 1513 914 1579 lumen

127 1594 257 1696 Taeda,
272 1630 302 1681 et
316 1621 517 1682 commixtam
534 1617 696 1683 Vulcanus
712 1617 752 1681 ad
769 1633 853 1682 astra
868 1618 1018 1683 favillam.

191 1716 265 1799 Quis
279 1721 366 1801 deus,
380 1744 400 1786 o
415 1743 521 1800 muse,
537 1734 600 1786 tam
615 1743 700 1786 saeva
715 1722 863 1788 incendia
878 1724 1012 1789 Teucris

121 1806 288 1888 ¹stertit?
309 1838 410 1889 tantos
426 1825 543 1889 ratibus
559 1827 630 1909 quis
644 1823 765 1910 depulit
779 1829 887 1912 ignes?

119 1899 266 1989 lJicite:
287 1929 394 2012 prisce
408 1925 486 1991 lides
502 1926 594 2005 lacto,
609 1925 665 1990 sed
680 1927 764 1991 sama
778 1929 935 2013 perennis.

192 2022 343 2116 Tempore
357 2052 420 2115 quo
435 2026 569 2115 primum
585 2029 726 2115 Phrygia
737 2030 894 2095 formabat
909 2031 940 2094 in
955 2029 1011 2095 ldt

119 2106 262 2197 &neas
275 2133 419 2214 classem,
433 2147 463 2197 et
478 2132 581 2220 pelagi
595 2146 703 2218 petere
720 2130 784 2196 alta
798 2133 935 2217 parabat

118 2208 221 2304 lpsa
231 2235 321 2302 detim
335 2238 434 2302 lertur
447 2237 588 2322 genetrix
603 2237 798 2321 Berecyntia
811 2257 957 2321 magnum

118 2310 284 2405 Vocibus
298 2340 348 2405 his
363 2338 458 2404 affata
471 2340 602 2403 Jovem:
627 2338 688 2419 Da,
703 2351 785 2417 nate,
800 2341 928 2424 petenti,

119 2420 236 2509 Quod
247 2457 299 2509 tua
311 2464 389 2509 cera
404 2465 516 2529 parens
531 2442 647 2507 domito
663 2456 693 2507 te
707 2445 810 2528 poscit
820 2441 970 2528 Olympo.

124 2518 240 2609 Pinea
250 2546 328 2612 silva
342 2546 427 2627 mihi,
441 2545 553 2610 multos
568 2544 684 2610 dilecta
698 2568 755 2632 per
770 2567 878 2626 annos,

126 2620 247 2713 Lucus
259 2654 290 2715 iu
305 2672 379 2716 arce
394 2651 450 2715 fuit
464 2649 592 2728 summi,
608 2648 670 2734 quo
685 2671 777 2736 sacra
792 2649 946 2729 serebant,

130 2720 278 2829 Nigrini
292 2749 385 2839 picei
399 2751 603 2834 trabibusque
618 2750 769 2814 obscurus
785 2751 923 2815 acernis:

137 2828 221 2913 Has
233 2875 284 2941 ego
297 2854 463 2927 Dardanio
473 2853 591 2941 juveni,
606 2876 699 2938 quum
715 2853 824 2918 classis
839 2866 955 2939 egeret,

142 2930 234 3018 heta
244 2956 314 3023 dedi
327 2984 336 3038 ;
357 2980 438 3023 nunc
453 2957 619 3022 sollicitam
635 2959 726 3021 timor
742 2961 854 3021 anxius
868 2969 967 3042 urget.

146 3038 236 3122 Solve
248 3077 354 3143 metus,
368 3076 462 3148 atque
478 3063 538 3125 hoc
555 3061 700 3146 precibus
714 3062 782 3124 sine
796 3081 888 3145 posse
902 3071 1074 3142 parentem,

150 3142 203 3219 ΝΘ
213 3182 291 3232 cursu
306 3182 461 3253 quassatae
477 3167 551 3246 ullo,
565 3189 626 3230 neu
641 3166 766 3230 turbine
781 3167 876 3242 venti,

75 3306 77 3311 ·
153 3244 330 3338 vincantur:
352 3273 451 3359 prosit
465 3272 576 3337 nostris
591 3272 622 3334 in
638 3269 792 3333 montibus
806 3282 902 3331 ortas

75 3378 79 3435 ἶ
158 3346 240 3435 ¹llllttt
252 3373 322 3441 huic
336 3375 456 3456 contris,
470 3387 594 3458 torquet
609 3373 662 3458 qui
677 3372 782 3436 sidera
797 3370 923 3434 mundi:

75 3450 79 3485 ³
161 3454 328 3559 lignenm,
343 3476 406 3564 quo
421 3480 485 3542 lata
501 3481 618 3541 vocas?
640 3490 693 3540 aut
708 3474 781 3560 quid
798 3477 878 3559 petis
893 3475 981 3538 istis?

164 3554 302 3647 llonutne
316 3604 410 3647 mnnu
425 3584 517 3647 factae
532 3578 706 3644 immortale
720 3582 836 3642 carinae

167 3656 369 3751 paslabeant?
390 3699 557 3771 certusque
574 3688 694 3748 incerta
708 3681 850 3768 pericula
865 3681 971 3745 lustret

169 3760 271 3851 &tall
311 3788 373 3855 Cui
389 3802 475 3853 tanta
490 3788 550 3853 deo
565 3790 717 3873 permissa
733 3788 890 3870 potestas?
