2890 5002
430 1197 575 1268 PUBLII
598 1199 784 1268 VIRGILII
805 1200 1005 1272 MAROMS

529 1459 898 1584 muers,

540 1851 679 1940 wnunu
702 1853 877 1922 neruus,

210 1999 326 2090 Arum
340 2027 505 2112 virumque
519 2047 600 2092 cano
615 2027 721 2115 Trojae
736 2033 790 2116 qui
803 2033 923 2116 primus
938 2027 979 2096 ab
993 2031 1059 2094 orie

212 2130 349 2210 ltaliam,
364 2131 428 2195 sato
442 2130 601 2217 profugus,
615 2129 751 2198 Lavinia
765 2136 851 2198 venit

211 2233 348 2300 Littora.
372 2230 505 2300 Multum
519 2231 573 2298 ille
589 2246 619 2298 et
634 2238 728 2300 terris
736 2237 875 2322 jactatus
889 2248 920 2302 et
934 2234 1008 2317 alte,

212 2337 259 2402 Vi
273 2337 432 2422 superium,
443 2357 535 2402 saevae
550 2358 719 2404 memorem
733 2339 864 2404 Junonie
879 2339 922 2404 ob
936 2343 1028 2406 iram.

210 2437 318 2504 Multa
332 2461 455 2524 quoque
470 2451 501 2502 et
514 2438 601 2504 bello
614 2461 735 2525 pessus,
750 2439 823 2506 dum
838 2441 990 2506 conderet
1004 2439 1125 2522 urbem,
1228 2445 1251 2504 ⁵

211 2541 408 2627 inferretque
423 2540 500 2606 deos
515 2540 627 2606 Latio:
649 2562 747 2627 genum
761 2541 844 2608 unde
858 2543 1018 2624 Latinum,

207 2644 393 2729 Albanique
406 2656 523 2729 patres,
538 2657 632 2729 atque
647 2643 718 2709 eltoe
732 2649 850 2710 moenia
865 2645 1008 2733 Romal
1229 2719 1235 2732 ¹

254 2747 359 2826 Musa,
374 2745 451 2814 mihi
465 2767 579 2812 causas
593 2767 742 2827 memore,
758 2768 821 2832 quo
834 2752 960 2816 numine
975 2749 1060 2834 laeso,

211 2851 344 2934 Quidve
359 2847 468 2915 dolens
482 2852 592 2936 regina
606 2849 701 2915 deiim
714 2862 760 2915 tot
774 2849 901 2920 volvere
916 2873 1009 2920 casus
1165 2843 1169 2850 ’

208 2955 370 3040 Insignem
385 2955 502 3037 pietate
517 2955 629 3032 virum,
643 2966 688 3018 tot
703 2953 793 3020 adire
807 2953 944 3037 labores,
1191 3011 1195 3020 .
1211 2965 1250 3026 10

207 3057 387 3145 Impulerit.
410 3056 564 3122 Tantaene
580 3058 691 3120 animis
705 3056 886 3124 coeleetibus
901 3061 978 3142 iroei
1332 3061 1338 3072 '

252 3160 344 3226 Urbe
359 3163 488 3246 antiqua
502 3159 569 3239 fuit,
584 3157 680 3246 Tyrii
694 3159 823 3226 tenutire
837 3159 952 3242 coloni,

203 3264 386 3350 Carthago,
401 3261 524 3327 ltaliam
538 3273 649 3326 contra
663 3261 879 3346 Tiberinaque
895 3261 987 3348 longe

200 3369 315 3448 Ostia,
329 3363 418 3433 dives
433 3364 724 3460 opumx'studiisque
740 3369 915 3451 asperrima
928 3364 1041 3474 bessii]

199 3471 317 3553 Quam
330 3469 413 3532 Juno
428 3469 527 3532 fertum
540 3471 634 3532 terris
648 3469 747 3553 magis
761 3467 905 3532 omnibus
919 3487 1015 3532 unam
1208 3476 1249 3532 16

200 3569 399 3638 Posthabitei
412 3567 546 3636 coluisse
562 3570 674 3634 Samo:
697 3569 750 3634 hic
766 3566 848 3632 illius
863 3589 962 3648 arma,

200 3674 277 3739 Hic
294 3693 407 3738 currus
423 3671 497 3736 ituit:
520 3670 581 3736 hoe
596 3693 725 3758 regnum
739 3669 801 3736 dea
815 3669 959 3756 gentibue
975 3691 1054 3753 esse,

198 3777 237 3842 Si
255 3775 325 3862 qua
340 3775 404 3840 sata
419 3777 531 3853 sinant,
541 3775 608 3860 jem
624 3787 688 3838 tum
703 3773 863 3858 tenditque
878 3773 1035 3858 fovetque.

196 3877 399 3964 Progeniem
414 3875 471 3944 sed
486 3879 568 3942 enim
583 3875 724 3962 Trojano
739 3897 759 3940 a
774 3879 925 3964 sanguine
939 3873 1013 3954 duci

193 3979 377 4058 Audierat,
391 3979 511 4065 Tyrias
526 3978 601 4044 olim
617 4001 687 4064 quae
702 3991 838 4044 verteret
853 3995 980 4066 arcesp
1204 3989 1248 4048 w

193 4085 298 4150 Hinc
314 4080 462 4167 populum
477 4080 541 4148 lat&
555 4103 671 4168 regem,
685 4079 832 4166 belloque
847 4078 1026 4166 superbum,

189 4187 389 4252 Venturum
403 4182 530 4250 excidio
544 4184 677 4271 Libye:
700 4186 747 4248 sic
760 4181 889 4252 volvere
904 4183 1032 4250 Parcas.
1060 4222 1062 4235 ·
