2772 4998
246 401 303 462 8⁵6
691 401 881 462 AEuutnos

289 557 440 637 Bellator,
454 555 589 622 solidum
604 555 695 622 nodis
709 571 741 621 et
756 559 870 622 robore
885 570 986 637 cocto,

289 661 376 724 Huic
392 673 528 742 natam,
521 658 603 722 libro
618 672 649 722 et
664 659 799 723 silvestri
815 661 929 724 subere
943 659 1092 737 clausam,

227 760 442 890 implicat,
457 775 551 846 atque
566 760 705 826 habilem
720 761 832 826 mediae
845 761 1042 848 circumligat
1057 761 1161 826 hasta

227 840 391 948 'Quam
407 864 542 930 dextra
534 868 651 950 ingenti
667 865 817 944 librans,
809 880 853 930 ita
868 864 910 928 ad
925 865 1047 928 aethera
1061 865 1155 928 latur:

289 966 391 1045 Alma,
405 966 464 1031 tibi
480 967 573 1046 hanc,
587 989 748 1032 nemorum
762 966 888 1045 cultrix,
902 967 1081 1032 Latonia
1053 987 1146 1052 virgo,
1253 997 1258 1014 ·

289 1071 361 1156 lpse
376 1081 466 1155 pater
480 1069 629 1134 famulam
643 1091 761 1134 voveo:
785 1083 837 1134 tua
851 1075 953 1155 prima
968 1092 1026 1156 per
1041 1091 1131 1134 auras

289 1172 371 1238 Tela
387 1185 496 1238 tenens
509 1172 642 1259 supplex
658 1172 779 1238 hostem
794 1173 881 1259 fugit.
926 1173 1057 1259 Accipe,
1071 1184 1169 1251 testor,

289 1273 383 1356 Diva,
399 1291 492 1357 tuam,
507 1296 576 1360 quse
592 1298 673 1342 nunc
688 1277 794 1342 dubiis
808 1277 1010 1340 committitur
1023 1279 1117 1340 auris.

290 1379 389 1460 Dixit,
405 1395 436 1445 et
450 1381 587 1446 adducto
601 1395 776 1446 contortum
792 1379 905 1445 hastile
921 1380 1041 1446 lacerto

288 1481 446 1548 Immittit:
469 1482 603 1548 sonuere
618 1485 731 1564 undae3
753 1484 897 1569 rapidum
912 1504 1007 1568 super
1021 1503 1140 1548 amnem

290 1585 403 1651 lulelix
418 1586 494 1672 fugit
509 1590 540 1650 in
551 1587 659 1673 jaculo
674 1587 825 1652 stridente
840 1585 989 1652 Camilla.

279 1689 332 1752 at
348 1687 504 1766 Metabus,
518 1689 631 1774 magns
646 1687 774 1774 propius
784 1691 851 1775 jam
866 1703 996 1775 urgente
1010 1687 1144 1767 catervi,

289 1791 355 1855 Dat
369 1811 438 1854 sese
453 1789 557 1870 fluvio,
572 1806 665 1876 atque
681 1791 803 1856 hastam
818 1813 889 1855 cum
904 1791 1024 1877 virgine
1038 1793 1137 1855 victor

288 1894 469 1974 Gramineo,
479 1891 595 1957 ‹lonum
610 1893 740 1973 Trivia,
755 1893 795 1958 dc
809 1898 930 1979 cespite
945 1892 1043 1958 vellit.

291 1993 362 2059 Non
376 1993 463 2058 illum
478 1997 568 2059 tectis
584 1994 666 2074 ullae,
681 2017 741 2060 non
757 1996 920 2075 moenibus,
938 1996 1035 2061 urbes

289 2095 475 2182 Accepere3
496 2117 598 2182 neque
612 2096 680 2181 ipse
695 2117 805 2162 manus
819 2099 943 2162 feritate
957 2097 1114 2162 dodisset:

290 2199 453 2264 Pastorum
468 2214 499 2264 et
513 2200 587 2265 solis
603 2204 706 2287 exegit
721 2203 878 2266 montibus
892 2223 1004 2266 sevum.

291 2303 358 2368 Hic
373 2317 488 2383 natam,
503 2306 535 2368 in
550 2303 675 2369 dumis
667 2317 811 2390 interque
826 2304 985 2370 horrentia
1000 2305 1108 2386 lustra,

270 2399 273 2451 ¹
266 2406 479 2491 armentalis
495 2425 605 2523 equae
600 2407 742 2472 mammis
757 2420 788 2470 et
804 2407 884 2472 lacte
901 2408 999 2473 lemno

262 2509 450 2589 Nutribat,
467 2513 581 2574 teneris
582 2482 778 2595 immulgens
793 2510 893 2574 ubera
908 2507 1017 2574 labris.

291 2611 397 2698 thue
413 2611 528 2698 pedum
543 2612 652 2698 primis
667 2612 767 2677 infans
781 2611 914 2700 vestigia
927 2612 1041 2699 plantis
1346 2625 1347 2671 l

291 2714 460 2792 institerat,
469 2713 577 2800 jaculo
593 2713 712 2798 palmas
727 2714 870 2778 oneravit
884 2729 994 2780 acuto:

293 2816 482 2902 Spiculaque
498 2837 538 2880 ex
554 2817 684 2880 humero
699 2837 806 2901 parvae
821 2817 982 2902 suspendit
995 2832 1027 2882 et
1041 2839 1158 2883 arcum
1248 2813 1292 2871 ⁵²⁵

293 2921 355 2984 Pro
369 2918 481 2983 crinali
497 2939 574 2982 auro
568 2941 653 3020 pro
668 2919 766 3006 longae
783 2922 915 3007 tegmine
931 2920 1034 3008 pallae,

288 3021 428 3108 Tigridis
442 3025 564 3086 exuviae
579 3044 636 3108 per
650 3022 777 3088 dorsum
793 3044 812 3088 a
828 3026 944 3089 vertice
959 3025 1111 3111 pendent.
1344 3009 1345 3103 l

284 3124 372 3188 'Tela
388 3145 480 3188 manu
492 3126 635 3212 jamtum
649 3126 757 3190 teneri
771 3126 904 3212 puerilia
920 3130 1017 3210 torsit,

290 3227 330 3293 Et
346 3227 471 3292 lundam
488 3232 579 3294 tereti
593 3232 714 3295 circum
729 3244 824 3315 caput
839 3232 902 3318 egit
916 3232 1049 3313 habenti,

291 3333 567 3418 Strymoniamque
581 3355 689 3418 grutem
705 3347 758 3398 aut
772 3333 878 3398 album
893 3335 1008 3422 dejecit
1021 3335 1151 3402 olorem.
1253 3325 1298 3388 ⁵3⁰

291 3433 400 3499 Multae
416 3433 502 3499 illam
518 3435 632 3500 frustra
648 3435 819 3522 Tyrrhena
834 3460 891 3523 per
905 3439 1023 3526 oppida
1039 3455 1154 3506 matres

291 3537 451 3623 Optavere
467 3561 596 3604 nurum:
618 3538 684 3605 sola
699 3554 846 3606 contenta
860 3541 975 3623 Diana,

192 3659 195 3668 ’
292 3639 453 3706 AEternum
469 3640 599 3707 telorum
614 3655 646 3707 et
660 3645 846 3729 virginitatis
861 3664 1001 3710 amorem

291 3744 477 3808 intemerata
492 3745 578 3810 colit.
624 3746 750 3812 Vellem
766 3747 850 3812 haud
865 3761 1012 3836 correpta
1026 3751 1135 3816 luisset

291 3845 406 3910 Militia
422 3845 486 3926 tali,
500 3860 611 3913 conata
626 3848 782 3913 lacessere
796 3850 958 3930 Teucros;
1011 3885 1014 3893 ·
1255 3843 1300 3903 5³⁵

293 3949 378 4014 Cara
395 3951 480 4031 mihi,
495 3956 705 4038 comitumque
720 3954 800 4018 foret
813 3975 894 4019 nunc
910 3977 971 4020 una
986 3977 1138 4021 mearum.

294 4051 416 4119 Verium
431 4075 500 4142 age,
515 4056 768 4144 quandoquidem
783 4059 854 4124 fatis
868 4075 997 4147 urgetur
1011 4061 1146 4138 acerbis
