2928 5002
659 419 776 483 nmen
795 422 818 483 1.

235 571 415 641 Deucalion
427 590 561 636 menum
576 569 694 658 lapides
704 561 833 662 jactarit
843 575 874 639 in
890 573 1021 652 orbem

235 676 333 745 Unde
345 679 487 744 homines
502 677 576 756 nati,
592 678 701 743 durum
718 700 826 764 genua.
872 679 959 766 Ergo
975 699 1044 764 age,
1060 692 1148 743 terre

238 782 364 871 Pingue
379 784 491 863 solum,
507 785 614 870 primis
628 787 786 872 extemplo
801 808 821 851 a
835 789 991 852 mensibus
1006 787 1087 866 anni,

239 885 357 954 Fortes
371 890 524 954 invertant
539 890 629 968 tauri,
645 889 811 975 glebasque
819 891 963 976 jacentes
1238 890 1281 952 65

241 993 466 1059 Pulverulents
481 1008 595 1078 eoquat
611 996 737 1058 maturis
753 995 868 1060 solibus
883 1010 992 1076 restas3

241 1099 300 1178 At,
316 1100 342 1164 si
357 1121 418 1164 non
432 1097 524 1164 luerit
538 1099 629 1164 tellus
645 1099 802 1178 saecunda,
820 1101 876 1164 sub
892 1102 993 1186 ipsum

246 1205 414 1270 Arcturum
429 1207 512 1270 tenui
528 1220 574 1269 sat
590 1205 647 1269 erit
662 1205 853 1291 suspendere
868 1207 977 1270 sulcus

247 1307 327 1388 Illic,
339 1311 471 1376 officiant
486 1311 560 1375 letis
574 1331 615 1374 ne
632 1308 767 1396 frugibus
782 1310 884 1376 herbe
899 1333 909 1389 ς

249 1413 324 1494 Hie,
340 1416 474 1480 sterilem
491 1418 622 1502 exiguus
632 1437 672 1482 ne
689 1417 812 1483 deserar
826 1417 936 1483 humor
952 1437 1088 1485 menam.
1243 1421 1286 1482 ⁷0

290 1521 426 1586 Alternis
441 1523 525 1586 idem
540 1537 643 1586 tonsas
658 1543 780 1587 cessare
796 1523 931 1601 novales,

243 1623 290 1691 Et
306 1648 435 1712 segnem
449 1626 567 1712 patiere
584 1631 642 1693 situ
658 1630 826 1694 durescere
842 1649 1013 1715 campum

244 1734 314 1797 Aut
327 1733 369 1796 ibi
386 1732 576 1813 desereres,
594 1748 709 1798 mutato
725 1735 838 1813 sidere,
855 1733 946 1814 farra,

244 1833 342 1902 Unde
357 1835 444 1920 priris
458 1837 558 1901 lerum
575 1827 685 1923 siliquis
699 1854 862 1923 quassante
877 1841 1033 1924 legumen,

247 1942 314 2006 Aut
324 1956 435 2007 tenues
451 1942 542 2008 soetus
556 1944 653 2022 vicie,
665 1945 818 2030 tristisque
832 1946 926 2030 lupini
1245 1949 1286 2010 75

251 2045 420 2112 Sustuleris
434 2045 556 2132 fragiles
572 2049 708 2112 ualemus
723 2049 892 2136 silvamque
908 2064 1087 2117 sonantem:

248 2149 321 2216 Urit
336 2154 419 2216 enim
434 2153 485 2218 lini
501 2173 646 2240 eampum
661 2175 762 2240 seges,
779 2157 838 2220 urit
853 2177 969 2235 arenae,

248 2255 352 2322 Urunt
364 2255 493 2322 lanso
507 2257 632 2344 persnas
647 2281 800 2344 papavera
815 2281 934 2326 somno.

252 2361 319 2425 Sed
334 2375 437 2427 tamen
453 2363 576 2427 alternis
588 2363 689 2428 'facilis
704 2365 813 2443 labor;
835 2367 921 2430 arida
935 2366 1052 2433 tantum

255 2464 308 2530 Ne
323 2481 455 2531 saturare
470 2468 545 2532 limo
560 2469 665 2552 pingui
681 2469 796 2550 pudeat
811 2468 886 2545 sola,
901 2489 981 2530 neve
1249 2469 1293 2532 80

255 2567 387 2636 Effoetos
397 2574 533 2636 cinerem
548 2573 742 2637 immundum
749 2571 869 2657 jactare
884 2591 941 2657 per
957 2591 1056 2656 agros.

255 2675 312 2743 Sic
328 2701 448 2765 quoque
460 2680 585 2743 mutatis
599 2680 797 2764 requiescunt
808 2678 931 2742 loetibus
948 2699 1042 2758 arua3

238 2783 325 2867 *Nec
341 2785 423 2848 nulla
439 2785 556 2850 interea
570 2797 617 2849 est
632 2785 754 2849 inarare
770 2785 865 2872 gratia
882 2799 997 2850 terrea

297 2889 389 2976 sepe
402 2892 495 2956 etiam
511 2891 630 2956 steriles
645 2891 811 2956 incendere
823 2890 938 2976 profuit
952 2911 1052 2974 agros,

254 2997 359 3084 Atque
376 2996 479 3062 levem
494 2996 635 3082 stipulam
651 2995 868 3082 crepitantibus
884 3017 974 3061 urere
990 2995 1142 3060 flammis:
1247 2996 1291 3061 86

254 3101 330 3167 Sive
343 3103 416 3166 inde
431 3101 570 3166 accubas
583 3102 664 3166 vires
679 3115 711 3165 et
726 3101 839 3186 pabula
848 3113 936 3166 terre
1013 3093 1016 3100 ’

254 3207 604 3295 Εηςυίαρρυοίρίυηῑς
626 3207 690 3271 sire
706 3207 764 3272 illis
778 3225 870 3270 omne
886 3227 943 3290 per
958 3207 1061 3290 ignem

255 3310 454 3398 Exeuqubru
467 3291 585 3390 sitium,
602 3293 842 3400 atqne'exsudat
856 3310 968 3374 inutilis
982 3312 1092 3376 humor
1104 3337 1116 3394 3

258 3417 325 3482 Seu
340 3417 444 3502 plures
459 3418 543 3483 calor
557 3418 608 3482 ille
622 3420 688 3482 vias
703 3429 735 3481 et
746 3437 829 3481 enea
844 3415 963 3479 relaxat

258 3522 689 3608 spiramenta‚nnrasreniat
705 3519 936 3608 qatsneeusin
952 3519 1086 3602 herbas;
1250 3523 1294 3588 90

249 3626 325 3716 §en
341 3627 431 3693 durat
446 3623 603 3720 magisget
617 3648 714 3692 venas
728 3627 863 3710 astringit
877 3625 1007 3706 hiantes,

261 3731 312 3796 Ne
328 3745 438 3796 tennes
451 3731 584 3842 pluries
588 3730 728 3817 rapidive
740 3732 877 3816 petentia
891 3729 964 3794 solis

259 3835 382 3914 Aenon,
398 3849 450 3900 aut
465 3835 576 3902 Borea
593 3835 783 3921 penetrabile
797 3833 892 3919 frigus
907 3835 1026 3920 qdurat.

304 3939 439 4006 Murrum
455 3941 536 4008 adeb
553 3942 656 4008 rastris
668 3941 774 4024 glebas
789 3941 840 4025 qni
856 3940 1102 4024 imaginantes,

259 4045 482 4132 vimineasque
497 4047 588 4114 trabit
601 4061 715 4123 crates,
726 4047 814 4132 javat
828 4067 901 4112 arva
914 4068 923 4124 3
946 4067 1047 4131 aeque
1062 4049 1157 4113 illum¹
1251 4051 1294 4113 95

259 4153 360 4220 Flava
375 4151 477 4220 Ceres
490 4155 552 4221 alta
566 4155 773 4240 nequidquam
789 4165 907 4240 spectat
918 4149 1076 4240 Olympos
1133 4212 1137 4222 .
