<?xml version="1.0" encoding="UTF-8"?>
<!DOCTYPE html PUBLIC "-//W3C//DTD XHTML 1.0 Transitional//EN"
    "http://www.w3.org/TR/xhtml1/DTD/xhtml1-transitional.dtd">
<html xmlns="http://www.w3.org/1999/xhtml" xml:lang="en" lang="en">
 <head>
  <title>
</title>
<meta http-equiv="Content-Type" content="text/html;charset=utf-8" />
  <meta name='ocr-system' content='tesseract 3.04.00' />
  <meta name='ocr-capabilities' content='ocr_page ocr_carea ocr_par ocr_line ocrx_word'/>
</head>
<body>
  <div class='ocr_page' id='page_1' title='image "./bucolicageorgic00goulgoog/bucolicageorgic00goulgoog_0252.png"; bbox 0 0 2756 5010; ppageno 0'>
   <div class='ocr_carea' id='block_1_1' title="bbox 171 453 803 518">
    <p class='ocr_par' dir='ltr' id='par_1_1' title="bbox 171 453 803 518">
     <span class='ocr_line' id='line_1_1' title="bbox 171 453 803 518; baseline -0.005 -2"><span class='ocrx_word' id='word_1_1' title='bbox 171 461 228 518; x_wconf 69' lang='lat'>238</span> <span class='ocrx_word' id='word_1_2' title='bbox 614 453 803 514; x_wconf 75' lang='lat' dir='ltr'>AErtmms</span> 
     </span>
    </p>
   </div>
   <div class='ocr_carea' id='block_1_2' title="bbox 129 609 1256 2044">
    <p class='ocr_par' dir='ltr' id='par_1_2' title="bbox 209 609 1145 698">
     <span class='ocr_line' id='line_1_2' title="bbox 209 609 1145 698; baseline -0.003 -19"><span class='ocrx_word' id='word_1_3' title='bbox 209 613 287 679; x_wconf 87' lang='lat' dir='ltr'>Inde</span> <span class='ocrx_word' id='word_1_4' title='bbox 302 613 459 680; x_wconf 88' lang='lat' dir='ltr'>bominum</span> <span class='ocrx_word' id='word_1_5' title='bbox 471 611 691 698; x_wconf 82' lang='lat' dir='ltr'>pecudumque</span> <span class='ocrx_word' id='word_1_6' title='bbox 704 632 812 698; x_wconf 65' lang='lat' dir='ltr'>genuen,</span> <span class='ocrx_word' id='word_1_7' title='bbox 826 611 960 695; x_wconf 84' lang='lat' dir='ltr'>vitaeque</span> <span class='ocrx_word' id='word_1_8' title='bbox 974 609 1145 690; x_wconf 78' lang='lat' dir='ltr'>volanttim,</span> 
     </span>
    </p>

    <p class='ocr_par' dir='ltr' id='par_1_3' title="bbox 209 715 1102 802">
     <span class='ocr_line' id='line_1_3' title="bbox 209 715 1102 802; baseline -0.006 -20"><span class='ocrx_word' id='word_1_9' title='bbox 209 717 250 782; x_wconf 84' lang='lat' dir='ltr'>Et</span> <span class='ocrx_word' id='word_1_10' title='bbox 265 739 334 802; x_wconf 85' lang='lat' dir='ltr'>quae</span> <span class='ocrx_word' id='word_1_11' title='bbox 349 737 524 782; x_wconf 85' lang='lat' dir='ltr'>marmoreo</span> <span class='ocrx_word' id='word_1_12' title='bbox 539 716 599 780; x_wconf 85' lang='lat' dir='ltr'>lert</span> <span class='ocrx_word' id='word_1_13' title='bbox 612 729 750 780; x_wconf 85' lang='lat' dir='ltr'>monstra</span> <span class='ocrx_word' id='word_1_14' title='bbox 765 715 824 779; x_wconf 91' lang='lat' dir='ltr'>sub</span> <span class='ocrx_word' id='word_1_15' title='bbox 838 735 965 800; x_wconf 82' lang='lat' dir='ltr'>aequore</span> <span class='ocrx_word' id='word_1_16' title='bbox 979 728 1102 800; x_wconf 86' lang='lat' dir='ltr'>pontus.</span> 
     </span>
    </p>

    <p class='ocr_par' dir='ltr' id='par_1_4' title="bbox 209 819 1251 910">
     <span class='ocr_line' id='line_1_4' title="bbox 209 819 1251 910; baseline -0.004 -24"><span class='ocrx_word' id='word_1_17' title='bbox 209 821 319 910; x_wconf 87' lang='lat' dir='ltr'>lgneus</span> <span class='ocrx_word' id='word_1_18' title='bbox 335 834 381 885; x_wconf 87' lang='lat' dir='ltr'>est</span> <span class='ocrx_word' id='word_1_19' title='bbox 396 819 465 886; x_wconf 94' lang='lat' dir='ltr'>ollis</span> <span class='ocrx_word' id='word_1_20' title='bbox 479 821 568 906; x_wconf 87' lang='lat' dir='ltr'>vigor</span> <span class='ocrx_word' id='word_1_21' title='bbox 583 831 613 884; x_wconf 89' lang='lat' dir='ltr'>et</span> <span class='ocrx_word' id='word_1_22' title='bbox 627 819 763 884; x_wconf 84' lang='lat' dir='ltr'>coelestis</span> <span class='ocrx_word' id='word_1_23' title='bbox 777 823 865 906; x_wconf 91' lang='lat' dir='ltr'>origo</span> <span class='ocrx_word' id='word_1_24' title='bbox 1191 821 1251 882; x_wconf 79' lang='grc'>730</span> 
     </span>
    </p>

    <p class='ocr_par' dir='ltr' id='par_1_5' title="bbox 210 921 1047 1010">
     <span class='ocr_line' id='line_1_5' title="bbox 210 921 1047 1010; baseline -0.002 -22"><span class='ocrx_word' id='word_1_25' title='bbox 210 925 398 1004; x_wconf 82' lang='lat' dir='ltr'>Seminibus,</span> <span class='ocrx_word' id='word_1_26' title='bbox 414 921 562 1010; x_wconf 80' lang='lat' dir='ltr'>quantum</span> <span class='ocrx_word' id='word_1_27' title='bbox 576 931 637 987; x_wconf 83' lang='lat' dir='ltr'>nob</span> <span class='ocrx_word' id='word_1_28' title='bbox 652 923 746 988; x_wconf 81' lang='lat' dir='ltr'>noxie</span> <span class='ocrx_word' id='word_1_29' title='bbox 761 943 897 1008; x_wconf 85' lang='lat' dir='ltr'>corpora</span> <span class='ocrx_word' id='word_1_30' title='bbox 912 921 1047 1002; x_wconf 83' lang='lat' dir='ltr'>tardant,</span> 
     </span>
    </p>

    <p class='ocr_par' dir='ltr' id='par_1_6' title="bbox 209 1025 1099 1113">
     <span class='ocr_line' id='line_1_6' title="bbox 209 1025 1099 1113; baseline -0.003 -23"><span class='ocrx_word' id='word_1_31' title='bbox 209 1027 404 1113; x_wconf 88' lang='lat' dir='ltr'>Terrenique</span> <span class='ocrx_word' id='word_1_32' title='bbox 420 1027 569 1094; x_wconf 87' lang='lat' dir='ltr'>hebetant</span> <span class='ocrx_word' id='word_1_33' title='bbox 583 1039 669 1091; x_wconf 83' lang='lat' dir='ltr'>artus</span> <span class='ocrx_word' id='word_1_34' title='bbox 683 1025 932 1112; x_wconf 80' lang='lat' dir='ltr'>moribundaque</span> <span class='ocrx_word' id='word_1_35' title='bbox 947 1027 1099 1090; x_wconf 89' lang='lat' dir='ltr'>membra.</span> 
     </span>
    </p>

    <p class='ocr_par' dir='ltr' id='par_1_7' title="bbox 209 1129 1228 1218">
     <span class='ocr_line' id='line_1_7' title="bbox 209 1129 1228 1218; baseline -0.002 -22"><span class='ocrx_word' id='word_1_36' title='bbox 209 1132 297 1196; x_wconf 91' lang='lat' dir='ltr'>Hinc</span> <span class='ocrx_word' id='word_1_37' title='bbox 309 1144 447 1196; x_wconf 89' lang='lat' dir='ltr'>metuunt</span> <span class='ocrx_word' id='word_1_38' title='bbox 457 1134 658 1217; x_wconf 88' lang='lat' dir='ltr'>cupiuntque,</span> <span class='ocrx_word' id='word_1_39' title='bbox 669 1130 775 1196; x_wconf 90' lang='lat' dir='ltr'>dolent</span> <span class='ocrx_word' id='word_1_40' title='bbox 785 1129 985 1218; x_wconf 79' lang='lat' dir='ltr'>gaudentque</span> <span class='ocrx_word' id='word_1_41' title='bbox 996 1155 1004 1209; x_wconf 92' lang='lat'>;</span> <span class='ocrx_word' id='word_1_42' title='bbox 1018 1151 1120 1214; x_wconf 89' lang='lat' dir='ltr'>neque</span> <span class='ocrx_word' id='word_1_43' title='bbox 1131 1149 1228 1194; x_wconf 75' lang='lat' dir='ltr'>auras</span> 
     </span>
    </p>

    <p class='ocr_par' dir='ltr' id='par_1_8' title="bbox 207 1231 982 1319">
     <span class='ocr_line' id='line_1_8' title="bbox 207 1231 982 1319; baseline -0.003 -21"><span class='ocrx_word' id='word_1_44' title='bbox 207 1233 396 1319; x_wconf 88' lang='lat' dir='ltr'>Dispiciunt,</span> <span class='ocrx_word' id='word_1_45' title='bbox 411 1231 526 1298; x_wconf 81' lang='lat' dir='ltr'>cleusae</span> <span class='ocrx_word' id='word_1_46' title='bbox 540 1233 680 1298; x_wconf 51' lang='lat' dir='ltr'>tenebris¹</span> <span class='ocrx_word' id='word_1_47' title='bbox 693 1246 724 1296; x_wconf 86' lang='lat' dir='ltr'>ot</span> <span class='ocrx_word' id='word_1_48' title='bbox 738 1255 869 1298; x_wconf 89' lang='lat' dir='ltr'>carcere</span> <span class='ocrx_word' id='word_1_49' title='bbox 884 1255 982 1298; x_wconf 83' lang='lat' dir='ltr'>caeco.</span> 
     </span>
    </p>

    <p class='ocr_par' dir='ltr' id='par_1_9' title="bbox 129 1336 1251 1523">
     <span class='ocr_line' id='line_1_9' title="bbox 208 1336 1251 1424; baseline 0 -24"><span class='ocrx_word' id='word_1_50' title='bbox 208 1337 292 1420; x_wconf 77' lang='lat' dir='ltr'>Quin</span> <span class='ocrx_word' id='word_1_51' title='bbox 307 1350 338 1400; x_wconf 88' lang='lat' dir='ltr'>et</span> <span class='ocrx_word' id='word_1_52' title='bbox 352 1359 496 1422; x_wconf 88' lang='lat' dir='ltr'>supremo</span> <span class='ocrx_word' id='word_1_53' title='bbox 511 1357 605 1420; x_wconf 91' lang='lat' dir='ltr'>quum</span> <span class='ocrx_word' id='word_1_54' title='bbox 620 1336 735 1402; x_wconf 90' lang='lat' dir='ltr'>lumine</span> <span class='ocrx_word' id='word_1_55' title='bbox 750 1339 814 1403; x_wconf 87' lang='lat' dir='ltr'>vita</span> <span class='ocrx_word' id='word_1_56' title='bbox 828 1337 963 1424; x_wconf 87' lang='lat' dir='ltr'>reliquit,</span> <span class='ocrx_word' id='word_1_57' title='bbox 1192 1345 1251 1401; x_wconf 76' lang='lat'>7³5</span> 
     </span>
     <span class='ocr_line' id='line_1_10' title="bbox 129 1439 1133 1523; baseline -0.002 -17"><span class='ocrx_word' id='word_1_58' title='bbox 129 1453 133 1479; x_wconf 77' lang='lat'>¹</span> <span class='ocrx_word' id='word_1_59' title='bbox 208 1441 281 1506; x_wconf 91' lang='lat' dir='ltr'>Non</span> <span class='ocrx_word' id='word_1_60' title='bbox 296 1455 400 1506; x_wconf 91' lang='lat' dir='ltr'>tamen</span> <span class='ocrx_word' id='word_1_61' title='bbox 414 1463 506 1506; x_wconf 90' lang='lat' dir='ltr'>omne</span> <span class='ocrx_word' id='word_1_62' title='bbox 521 1441 635 1506; x_wconf 82' lang='lat' dir='ltr'>molum</span> <span class='ocrx_word' id='word_1_63' title='bbox 650 1444 781 1523; x_wconf 88' lang='lat' dir='ltr'>miseris,</span> <span class='ocrx_word' id='word_1_64' title='bbox 796 1465 854 1507; x_wconf 89' lang='lat' dir='ltr'>nec</span> <span class='ocrx_word' id='word_1_65' title='bbox 869 1439 1007 1508; x_wconf 74' lang='lat' dir='ltr'>funditis</span> <span class='ocrx_word' id='word_1_66' title='bbox 1021 1461 1133 1505; x_wconf 88' lang='lat' dir='ltr'>omnes·</span> 
     </span>
    </p>

    <p class='ocr_par' dir='ltr' id='par_1_10' title="bbox 209 1543 1101 1632">
     <span class='ocr_line' id='line_1_11' title="bbox 209 1543 1101 1632; baseline -0.002 -23"><span class='ocrx_word' id='word_1_67' title='bbox 209 1545 380 1631; x_wconf 80' lang='lat' dir='ltr'>Corporeae</span> <span class='ocrx_word' id='word_1_68' title='bbox 396 1543 552 1609; x_wconf 84' lang='lat' dir='ltr'>excedunt</span> <span class='ocrx_word' id='word_1_69' title='bbox 565 1557 690 1632; x_wconf 73' lang='lat' dir='ltr'>pestes,</span> <span class='ocrx_word' id='word_1_70' title='bbox 711 1543 897 1631; x_wconf 74' lang='lat' dir='ltr'>penitusque</span> <span class='ocrx_word' id='word_1_71' title='bbox 911 1565 1040 1610; x_wconf 88' lang='lat' dir='ltr'>necesse</span> <span class='ocrx_word' id='word_1_72' title='bbox 1055 1557 1101 1607; x_wconf 84' lang='lat' dir='ltr'>est</span> 
     </span>
    </p>

    <p class='ocr_par' dir='ltr' id='par_1_11' title="bbox 208 1647 996 1722">
     <span class='ocr_line' id='line_1_12' title="bbox 208 1647 996 1722; baseline 0.001 -11"><span class='ocrx_word' id='word_1_73' title='bbox 208 1647 309 1713; x_wconf 81' lang='lat' dir='ltr'>Multa</span> <span class='ocrx_word' id='word_1_74' title='bbox 324 1647 377 1713; x_wconf 92' lang='lat' dir='ltr'>diu</span> <span class='ocrx_word' id='word_1_75' title='bbox 392 1660 540 1713; x_wconf 87' lang='lat' dir='ltr'>concreta</span> <span class='ocrx_word' id='word_1_76' title='bbox 554 1647 654 1712; x_wconf 88' lang='lat' dir='ltr'>modis</span> <span class='ocrx_word' id='word_1_77' title='bbox 668 1647 841 1714; x_wconf 87' lang='lat' dir='ltr'>inolescere</span> <span class='ocrx_word' id='word_1_78' title='bbox 857 1647 996 1722; x_wconf 62' lang='lat' dir='ltr'>mirisal</span> 
     </span>
    </p>

    <p class='ocr_par' dir='ltr' id='par_1_12' title="bbox 208 1749 1002 1838">
     <span class='ocr_line' id='line_1_13' title="bbox 208 1749 1002 1838; baseline 0 -24"><span class='ocrx_word' id='word_1_79' title='bbox 208 1749 293 1838; x_wconf 87' lang='lat' dir='ltr'>Ergo</span> <span class='ocrx_word' id='word_1_80' title='bbox 307 1764 493 1815; x_wconf 84' lang='lat' dir='ltr'>exercentur</span> <span class='ocrx_word' id='word_1_81' title='bbox 507 1754 618 1836; x_wconf 88' lang='lat' dir='ltr'>poenis,</span> <span class='ocrx_word' id='word_1_82' title='bbox 632 1765 834 1836; x_wconf 87' lang='lat' dir='ltr'>veterumque</span> <span class='ocrx_word' id='word_1_83' title='bbox 849 1751 1002 1814; x_wconf 88' lang='lat' dir='ltr'>malorum</span> 
     </span>
    </p>

    <p class='ocr_par' dir='ltr' id='par_1_13' title="bbox 210 1852 1256 1940">
     <span class='ocr_line' id='line_1_14' title="bbox 210 1852 1256 1940; baseline -0.002 -22"><span class='ocrx_word' id='word_1_84' title='bbox 210 1853 370 1940; x_wconf 89' lang='lat' dir='ltr'>Supplicia</span> <span class='ocrx_word' id='word_1_85' title='bbox 384 1853 574 1940; x_wconf 86' lang='lat' dir='ltr'>expendunt.</span> <span class='ocrx_word' id='word_1_86' title='bbox 619 1852 699 1917; x_wconf 80' lang='lat' dir='ltr'>Aliae</span> <span class='ocrx_word' id='word_1_87' title='bbox 715 1853 892 1938; x_wconf 87' lang='lat' dir='ltr'>panduntur</span> <span class='ocrx_word' id='word_1_88' title='bbox 906 1853 1014 1918; x_wconf 83' lang='lat' dir='ltr'>inanes</span> <span class='ocrx_word' id='word_1_89' title='bbox 1191 1859 1256 1917; x_wconf 77' lang='lat'>740</span> 
     </span>
    </p>

    <p class='ocr_par' dir='ltr' id='par_1_14' title="bbox 209 1955 974 2044">
     <span class='ocr_line' id='line_1_15' title="bbox 209 1955 974 2044; baseline -0.001 -23"><span class='ocrx_word' id='word_1_90' title='bbox 209 1958 372 2044; x_wconf 83' lang='lat' dir='ltr'>Suspensae</span> <span class='ocrx_word' id='word_1_91' title='bbox 388 1956 430 2021; x_wconf 88' lang='lat' dir='ltr'>ad</span> <span class='ocrx_word' id='word_1_92' title='bbox 444 1970 568 2021; x_wconf 87' lang='lat' dir='ltr'>ventos:</span> <span class='ocrx_word' id='word_1_93' title='bbox 592 1955 661 2019; x_wconf 85' lang='lat' dir='ltr'>aliis</span> <span class='ocrx_word' id='word_1_94' title='bbox 675 1957 734 2020; x_wconf 84' lang='lat' dir='ltr'>sub</span> <span class='ocrx_word' id='word_1_95' title='bbox 749 1957 868 2044; x_wconf 83' lang='lat' dir='ltr'>gurgite</span> <span class='ocrx_word' id='word_1_96' title='bbox 883 1970 974 2022; x_wconf 85' lang='lat' dir='ltr'>uasto</span> 
     </span>
    </p>
   </div>
   <div class='ocr_carea' id='block_1_3' title="bbox 208 2009 1086 2250">
    <p class='ocr_par' dir='ltr' id='par_1_15' title="bbox 208 2009 1086 2250">
     <span class='ocr_line' id='line_1_16' title="bbox 208 2009 928 2148; baseline -0.006 -22"><span class='ocrx_word' id='word_1_97' title='bbox 208 2061 359 2126; x_wconf 85' lang='lat' dir='ltr'>lnlectum</span> <span class='ocrx_word' id='word_1_98' title='bbox 374 2059 485 2125; x_wconf 89' lang='lat' dir='ltr'>eluitur</span> <span class='ocrx_word' id='word_1_99' title='bbox 499 2059 610 2139; x_wconf 83' lang='lat' dir='ltr'>scelus,</span> <span class='ocrx_word' id='word_1_100' title='bbox 625 2072 678 2124; x_wconf 87' lang='lat' dir='ltr'>aut</span> <span class='ocrx_word' id='word_1_101' title='bbox 693 2009 833 2124; x_wconf 79' lang='lat' dir='ltr'>exllritur</span> <span class='ocrx_word' id='word_1_102' title='bbox 847 2032 928 2148; x_wconf 69' lang='lat' dir='ltr'>igini:</span> 
     </span>
     <span class='ocr_line' id='line_1_17' title="bbox 208 2161 1086 2250; baseline -0.002 -22"><span class='ocrx_word' id='word_1_103' title='bbox 208 2164 348 2250; x_wconf 84' lang='lat' dir='ltr'>Quisque</span> <span class='ocrx_word' id='word_1_104' title='bbox 364 2185 435 2228; x_wconf 91' lang='lat' dir='ltr'>suos</span> <span class='ocrx_word' id='word_1_105' title='bbox 450 2165 586 2248; x_wconf 85' lang='lat' dir='ltr'>petimur</span> <span class='ocrx_word' id='word_1_106' title='bbox 601 2183 726 2240; x_wconf 86' lang='lat' dir='ltr'>manes;</span> <span class='ocrx_word' id='word_1_107' title='bbox 748 2161 863 2226; x_wconf 83' lang='lat' dir='ltr'>exinde</span> <span class='ocrx_word' id='word_1_108' title='bbox 877 2183 935 2248; x_wconf 89' lang='lat' dir='ltr'>per</span> <span class='ocrx_word' id='word_1_109' title='bbox 950 2161 1086 2247; x_wconf 85' lang='lat' dir='ltr'>amplum</span> 
     </span>
    </p>
   </div>
   <div class='ocr_carea' id='block_1_4' title="bbox 208 2265 1253 2458">
    <p class='ocr_par' dir='ltr' id='par_1_16' title="bbox 208 2265 1253 2458">
     <span class='ocr_line' id='line_1_18' title="bbox 209 2265 1034 2364; baseline -0.004 -31"><span class='ocrx_word' id='word_1_110' title='bbox 209 2269 361 2334; x_wconf 88' lang='lat' dir='ltr'>Mittimur</span> <span class='ocrx_word' id='word_1_111' title='bbox 375 2266 529 2354; x_wconf 84' lang='lat' dir='ltr'>Elysium,</span> <span class='ocrx_word' id='word_1_112' title='bbox 544 2279 575 2329; x_wconf 88' lang='lat' dir='ltr'>et</span> <span class='ocrx_word' id='word_1_113' title='bbox 588 2265 683 2364; x_wconf 84' lang='lat' dir='ltr'>pauci</span> <span class='ocrx_word' id='word_1_114' title='bbox 699 2265 769 2330; x_wconf 83' lang='lat' dir='ltr'>laeta</span> <span class='ocrx_word' id='word_1_115' title='bbox 784 2286 862 2330; x_wconf 83' lang='lat' dir='ltr'>arva</span> <span class='ocrx_word' id='word_1_116' title='bbox 878 2279 1034 2335; x_wconf 84' lang='lat' dir='ltr'>tenemus:</span> 
     </span>
     <span class='ocr_line' id='line_1_19' title="bbox 208 2369 1253 2458; baseline -0.001 -22"><span class='ocrx_word' id='word_1_117' title='bbox 208 2371 321 2436; x_wconf 89' lang='lat' dir='ltr'>Donec</span> <span class='ocrx_word' id='word_1_118' title='bbox 336 2370 429 2458; x_wconf 84' lang='lat' dir='ltr'>longa</span> <span class='ocrx_word' id='word_1_119' title='bbox 442 2369 521 2452; x_wconf 87' lang='lat' dir='ltr'>dies,</span> <span class='ocrx_word' id='word_1_120' title='bbox 535 2371 676 2455; x_wconf 84' lang='lat' dir='ltr'>perlecto</span> <span class='ocrx_word' id='word_1_121' title='bbox 690 2370 838 2455; x_wconf 89' lang='lat' dir='ltr'>temporis</span> <span class='ocrx_word' id='word_1_122' title='bbox 852 2372 941 2450; x_wconf 84' lang='lat' dir='ltr'>orbe,</span> <span class='ocrx_word' id='word_1_123' title='bbox 1190 2380 1253 2438; x_wconf 74' lang='lat'>74⁵</span> 
     </span>
    </p>
   </div>
   <div class='ocr_carea' id='block_1_5' title="bbox 205 2473 1261 4214">
    <p class='ocr_par' dir='ltr' id='par_1_17' title="bbox 208 2473 988 2559">
     <span class='ocr_line' id='line_1_20' title="bbox 208 2473 988 2559; baseline -0.004 -20"><span class='ocrx_word' id='word_1_124' title='bbox 208 2475 398 2539; x_wconf 88' lang='lat' dir='ltr'>Concretam</span> <span class='ocrx_word' id='word_1_125' title='bbox 414 2474 529 2538; x_wconf 85' lang='lat' dir='ltr'>exemit</span> <span class='ocrx_word' id='word_1_126' title='bbox 543 2473 659 2553; x_wconf 85' lang='lat' dir='ltr'>labem,</span> <span class='ocrx_word' id='word_1_127' title='bbox 672 2493 846 2559; x_wconf 85' lang='lat' dir='ltr'>purumque</span> <span class='ocrx_word' id='word_1_128' title='bbox 860 2473 988 2558; x_wconf 88' lang='lat' dir='ltr'>reliquit</span> 
     </span>
    </p>

    <p class='ocr_par' dir='ltr' id='par_1_18' title="bbox 208 2575 1038 2664">
     <span class='ocr_line' id='line_1_21' title="bbox 208 2575 1038 2664; baseline -0.005 -22"><span class='ocrx_word' id='word_1_129' title='bbox 208 2577 383 2643; x_wconf 84' lang='lat' dir='ltr'>AEtherium</span> <span class='ocrx_word' id='word_1_130' title='bbox 397 2599 531 2656; x_wconf 90' lang='lat' dir='ltr'>sensum,</span> <span class='ocrx_word' id='word_1_131' title='bbox 545 2590 639 2662; x_wconf 89' lang='lat' dir='ltr'>atque</span> <span class='ocrx_word' id='word_1_132' title='bbox 654 2579 744 2640; x_wconf 87' lang='lat' dir='ltr'>aurai</span> <span class='ocrx_word' id='word_1_133' title='bbox 758 2575 910 2662; x_wconf 88' lang='lat' dir='ltr'>simplicis</span> <span class='ocrx_word' id='word_1_134' title='bbox 924 2580 1038 2664; x_wconf 90' lang='lat' dir='ltr'>ignem.</span> 
     </span>
    </p>

    <p class='ocr_par' dir='ltr' id='par_1_19' title="bbox 207 2677 1036 2764">
     <span class='ocr_line' id='line_1_22' title="bbox 207 2677 1036 2764; baseline 0 -20"><span class='ocrx_word' id='word_1_135' title='bbox 207 2681 280 2745; x_wconf 85' lang='lat' dir='ltr'>Has</span> <span class='ocrx_word' id='word_1_136' title='bbox 294 2703 411 2758; x_wconf 88' lang='lat' dir='ltr'>omnes,</span> <span class='ocrx_word' id='word_1_137' title='bbox 426 2680 480 2743; x_wconf 91' lang='lat' dir='ltr'>ubi</span> <span class='ocrx_word' id='word_1_138' title='bbox 495 2677 581 2744; x_wconf 90' lang='lat' dir='ltr'>mille</span> <span class='ocrx_word' id='word_1_139' title='bbox 595 2691 695 2744; x_wconf 85' lang='lat' dir='ltr'>rotam</span> <span class='ocrx_word' id='word_1_140' title='bbox 710 2677 838 2742; x_wconf 65' lang='lat' dir='ltr'>volvere</span> <span class='ocrx_word' id='word_1_141' title='bbox 857 2701 915 2764; x_wconf 90' lang='lat' dir='ltr'>per</span> <span class='ocrx_word' id='word_1_142' title='bbox 930 2701 1036 2759; x_wconf 85' lang='lat' dir='ltr'>annos,</span> 
     </span>
    </p>

    <p class='ocr_par' dir='ltr' id='par_1_20' title="bbox 207 2780 1063 2868">
     <span class='ocr_line' id='line_1_23' title="bbox 207 2780 1063 2868; baseline -0.002 -20"><span class='ocrx_word' id='word_1_143' title='bbox 207 2783 371 2848; x_wconf 80' lang='lat' dir='ltr'>Lethaeum</span> <span class='ocrx_word' id='word_1_144' title='bbox 386 2781 426 2846; x_wconf 91' lang='lat' dir='ltr'>ad</span> <span class='ocrx_word' id='word_1_145' title='bbox 442 2782 569 2846; x_wconf 85' lang='lat' dir='ltr'>fluvium</span> <span class='ocrx_word' id='word_1_146' title='bbox 584 2780 661 2845; x_wconf 89' lang='lat' dir='ltr'>deus</span> <span class='ocrx_word' id='word_1_147' title='bbox 677 2793 789 2846; x_wconf 87' lang='lat' dir='ltr'>evocat</span> <span class='ocrx_word' id='word_1_148' title='bbox 804 2782 926 2868; x_wconf 85' lang='lat' dir='ltr'>agmine</span> <span class='ocrx_word' id='word_1_149' title='bbox 940 2803 1063 2868; x_wconf 88' lang='lat' dir='ltr'>magno,</span> 
     </span>
    </p>

    <p class='ocr_par' dir='ltr' id='par_1_21' title="bbox 208 2885 1255 2969">
     <span class='ocr_line' id='line_1_24' title="bbox 208 2885 1255 2969; baseline 0 -17"><span class='ocrx_word' id='word_1_150' title='bbox 208 2887 337 2954; x_wconf 87' lang='lat' dir='ltr'>Scilicet</span> <span class='ocrx_word' id='word_1_151' title='bbox 351 2887 546 2949; x_wconf 83' lang='lat' dir='ltr'>immemores</span> <span class='ocrx_word' id='word_1_152' title='bbox 561 2905 674 2969; x_wconf 84' lang='lat' dir='ltr'>supera</span> <span class='ocrx_word' id='word_1_153' title='bbox 689 2897 722 2948; x_wconf 90' lang='lat' dir='ltr'>ut</span> <span class='ocrx_word' id='word_1_154' title='bbox 736 2886 881 2949; x_wconf 81' lang='lat' dir='ltr'>convexa</span> <span class='ocrx_word' id='word_1_155' title='bbox 894 2885 1043 2964; x_wconf 85' lang='lat' dir='ltr'>revisent,</span> <span class='ocrx_word' id='word_1_156' title='bbox 1189 2893 1255 2953; x_wconf 76' lang='lat'>&#39;1⁵0</span> 
     </span>
    </p>

    <p class='ocr_par' dir='ltr' id='par_1_22' title="bbox 208 2985 972 3072">
     <span class='ocr_line' id='line_1_25' title="bbox 208 2985 972 3072; baseline -0.004 -19"><span class='ocrx_word' id='word_1_157' title='bbox 208 2989 328 3053; x_wconf 84' lang='lat' dir='ltr'>Rursus</span> <span class='ocrx_word' id='word_1_158' title='bbox 342 3001 373 3053; x_wconf 90' lang='lat' dir='ltr'>et</span> <span class='ocrx_word' id='word_1_159' title='bbox 387 2989 540 3071; x_wconf 83' lang='lat' dir='ltr'>incipient</span> <span class='ocrx_word' id='word_1_160' title='bbox 554 2987 584 3050; x_wconf 96' lang='lat' dir='ltr'>in</span> <span class='ocrx_word' id='word_1_161' title='bbox 599 3007 734 3072; x_wconf 89' lang='lat' dir='ltr'>corpora</span> <span class='ocrx_word' id='word_1_162' title='bbox 748 2985 829 3051; x_wconf 88' lang='lat' dir='ltr'>velle</span> <span class='ocrx_word' id='word_1_163' title='bbox 844 2991 972 3052; x_wconf 81' lang='lat' dir='ltr'>reverti.</span> 
     </span>
    </p>

    <p class='ocr_par' dir='ltr' id='par_1_23' title="bbox 208 3085 1051 3177">
     <span class='ocr_line' id='line_1_26' title="bbox 208 3085 1051 3177; baseline 0.002 -23"><span class='ocrx_word' id='word_1_164' title='bbox 208 3091 344 3154; x_wconf 86' lang='lat' dir='ltr'>Dixerat</span> <span class='ocrx_word' id='word_1_165' title='bbox 358 3085 529 3154; x_wconf 82' lang='lat' dir='ltr'>Anchises:</span> <span class='ocrx_word' id='word_1_166' title='bbox 552 3100 731 3173; x_wconf 89' lang='lat' dir='ltr'>natumque,</span> <span class='ocrx_word' id='word_1_167' title='bbox 744 3089 869 3175; x_wconf 72' lang='lat' dir='ltr'>unique</span> <span class='ocrx_word' id='word_1_168' title='bbox 884 3089 1051 3177; x_wconf 82' lang='lat' dir='ltr'>Sibyllam,</span> 
     </span>
    </p>

    <p class='ocr_par' dir='ltr' id='par_1_24' title="bbox 207 3189 1079 3278">
     <span class='ocr_line' id='line_1_27' title="bbox 207 3189 1079 3278; baseline -0.002 -19"><span class='ocrx_word' id='word_1_169' title='bbox 207 3195 387 3259; x_wconf 82' lang='lat' dir='ltr'>Conventus</span> <span class='ocrx_word' id='word_1_170' title='bbox 402 3189 501 3255; x_wconf 79' lang='lat' dir='ltr'>trehit</span> <span class='ocrx_word' id='word_1_171' title='bbox 514 3193 547 3254; x_wconf 86' lang='lat' dir='ltr'>in</span> <span class='ocrx_word' id='word_1_172' title='bbox 561 3189 681 3255; x_wconf 86' lang='lat' dir='ltr'>medios</span> <span class='ocrx_word' id='word_1_173' title='bbox 696 3192 883 3278; x_wconf 87' lang='lat' dir='ltr'>turbamque</span> <span class='ocrx_word' id='word_1_174' title='bbox 898 3206 1079 3272; x_wconf 70' lang='lat' dir='ltr'>sonantem</span> 
     </span>
    </p>

    <p class='ocr_par' dir='ltr' id='par_1_25' title="bbox 208 3277 1086 3383">
     <span class='ocr_line' id='line_1_28' title="bbox 208 3277 1086 3383; baseline -0.003 -20"><span class='ocrx_word' id='word_1_175' title='bbox 208 3299 248 3364; x_wconf 88' lang='lat' dir='ltr'>Et</span> <span class='ocrx_word' id='word_1_176' title='bbox 264 3296 412 3362; x_wconf 89' lang='lat' dir='ltr'>tumulum</span> <span class='ocrx_word' id='word_1_177' title='bbox 427 3297 522 3380; x_wconf 85' lang='lat' dir='ltr'>capit,</span> <span class='ocrx_word' id='word_1_178' title='bbox 536 3293 620 3360; x_wconf 87' lang='lat' dir='ltr'>unde</span> <span class='ocrx_word' id='word_1_179' title='bbox 634 3315 742 3360; x_wconf 88' lang='lat' dir='ltr'>omnes</span> <span class='ocrx_word' id='word_1_180' title='bbox 757 3294 849 3382; x_wconf 86' lang='lat' dir='ltr'>longo</span> <span class='ocrx_word' id='word_1_181' title='bbox 863 3295 974 3362; x_wconf 88' lang='lat' dir='ltr'>ordine</span> <span class='ocrx_word' id='word_1_182' title='bbox 988 3277 1086 3383; x_wconf 65' lang='lat' dir='ltr'>po&#39;ssit</span> 
     </span>
    </p>

    <p class='ocr_par' dir='ltr' id='par_1_26' title="bbox 206 3393 1258 3590">
     <span class='ocr_line' id='line_1_29' title="bbox 206 3393 1258 3486; baseline 0 -17"><span class='ocrx_word' id='word_1_183' title='bbox 206 3393 367 3470; x_wconf 85' lang='lat' dir='ltr'>Adversos</span> <span class='ocrx_word' id='word_1_184' title='bbox 381 3399 496 3486; x_wconf 90' lang='lat' dir='ltr'>legere,</span> <span class='ocrx_word' id='word_1_185' title='bbox 511 3411 542 3464; x_wconf 88' lang='lat' dir='ltr'>et</span> <span class='ocrx_word' id='word_1_186' title='bbox 556 3399 735 3464; x_wconf 82' lang='lat' dir='ltr'>venienttim</span> <span class='ocrx_word' id='word_1_187' title='bbox 750 3399 874 3465; x_wconf 87' lang='lat' dir='ltr'>discere</span> <span class='ocrx_word' id='word_1_188' title='bbox 889 3399 1002 3465; x_wconf 86' lang='lat' dir='ltr'>vultus.</span> <span class='ocrx_word' id='word_1_189' title='bbox 1189 3409 1258 3469; x_wconf 66' lang='lat'>755</span> 
     </span>
     <span class='ocr_line' id='line_1_30' title="bbox 249 3500 1150 3590; baseline 0.002 -22"><span class='ocrx_word' id='word_1_190' title='bbox 249 3505 341 3568; x_wconf 90' lang='lat' dir='ltr'>Nunc</span> <span class='ocrx_word' id='word_1_191' title='bbox 356 3524 425 3590; x_wconf 88' lang='lat' dir='ltr'>age,</span> <span class='ocrx_word' id='word_1_192' title='bbox 439 3500 637 3568; x_wconf 82' lang='lat' dir='ltr'>Dardaniam</span> <span class='ocrx_word' id='word_1_193' title='bbox 651 3501 772 3586; x_wconf 87' lang='lat' dir='ltr'>prolem</span> <span class='ocrx_word' id='word_1_194' title='bbox 787 3525 857 3589; x_wconf 77' lang='lat' dir='ltr'>quae</span> <span class='ocrx_word' id='word_1_195' title='bbox 872 3503 989 3569; x_wconf 85' lang='lat' dir='ltr'>deinde</span> <span class='ocrx_word' id='word_1_196' title='bbox 1003 3517 1150 3590; x_wconf 80' lang='lat' dir='ltr'>sequatur</span> 
     </span>
    </p>

    <p class='ocr_par' dir='ltr' id='par_1_27' title="bbox 205 3601 964 3693">
     <span class='ocr_line' id='line_1_31' title="bbox 205 3601 964 3693; baseline -0.001 -20"><span class='ocrx_word' id='word_1_197' title='bbox 205 3609 327 3688; x_wconf 90' lang='lat' dir='ltr'>Gloria,</span> <span class='ocrx_word' id='word_1_198' title='bbox 342 3606 395 3692; x_wconf 91' lang='lat' dir='ltr'>qni</span> <span class='ocrx_word' id='word_1_199' title='bbox 410 3618 556 3670; x_wconf 80' lang='lat' dir='ltr'>maneant</span> <span class='ocrx_word' id='word_1_200' title='bbox 570 3604 649 3669; x_wconf 77' lang='lat' dir='ltr'>Itali</span> <span class='ocrx_word' id='word_1_201' title='bbox 662 3601 703 3670; x_wconf 90' lang='lat' dir='ltr'>de</span> <span class='ocrx_word' id='word_1_202' title='bbox 717 3620 810 3692; x_wconf 85' lang='lat' dir='ltr'>gente</span> <span class='ocrx_word' id='word_1_203' title='bbox 822 3621 964 3693; x_wconf 83' lang='lat' dir='ltr'>nepotes,</span> 
     </span>
    </p>

    <p class='ocr_par' dir='ltr' id='par_1_28' title="bbox 209 3707 1004 3803">
     <span class='ocr_line' id='line_1_32' title="bbox 209 3707 1004 3803; baseline 0 -27"><span class='ocrx_word' id='word_1_204' title='bbox 209 3709 348 3776; x_wconf 88' lang='lat' dir='ltr'>illustres</span> <span class='ocrx_word' id='word_1_205' title='bbox 363 3707 491 3787; x_wconf 84' lang='lat' dir='ltr'>animes,</span> <span class='ocrx_word' id='word_1_206' title='bbox 505 3721 706 3793; x_wconf 87' lang='lat' dir='ltr'>nostrumque</span> <span class='ocrx_word' id='word_1_207' title='bbox 721 3711 753 3774; x_wconf 93' lang='lat' dir='ltr'>in</span> <span class='ocrx_word' id='word_1_208' title='bbox 768 3731 881 3778; x_wconf 89' lang='lat' dir='ltr'>nomen</span> <span class='ocrx_word' id='word_1_209' title='bbox 898 3713 1004 3803; x_wconf 79' lang='lat' dir='ltr'>ituras,</span> 
     </span>
    </p>

    <p class='ocr_par' dir='ltr' id='par_1_29' title="bbox 207 3809 1086 3905">
     <span class='ocr_line' id='line_1_33' title="bbox 207 3809 1086 3905; baseline 0 -25"><span class='ocrx_word' id='word_1_210' title='bbox 207 3811 386 3900; x_wconf 83' lang='lat' dir='ltr'>Expediam</span> <span class='ocrx_word' id='word_1_211' title='bbox 400 3809 504 3890; x_wconf 83' lang='lat' dir='ltr'>dictis,</span> <span class='ocrx_word' id='word_1_212' title='bbox 518 3823 550 3874; x_wconf 88' lang='lat' dir='ltr'>et</span> <span class='ocrx_word' id='word_1_213' title='bbox 564 3824 594 3876; x_wconf 88' lang='lat' dir='ltr'>tc</span> <span class='ocrx_word' id='word_1_214' title='bbox 610 3823 664 3876; x_wconf 90' lang='lat' dir='ltr'>tua</span> <span class='ocrx_word' id='word_1_215' title='bbox 677 3813 743 3878; x_wconf 83' lang='lat' dir='ltr'>sata</span> <span class='ocrx_word' id='word_1_216' title='bbox 757 3811 891 3880; x_wconf 88' lang='lat' dir='ltr'>docebo.</span> <span class='ocrx_word' id='word_1_217' title='bbox 904 3821 954 3905; x_wconf 39' lang='lat' dir='ltr'>ll*</span> <span class='ocrx_word' id='word_1_218' title='bbox 984 3839 999 3856; x_wconf 73' lang='lat'>·=</span> <span class='ocrx_word' id='word_1_219' title='bbox 1060 3843 1064 3850; x_wconf 93' lang='lat'><em>·</em></span> <span class='ocrx_word' id='word_1_220' title='bbox 1082 3887 1086 3898; x_wconf 23' lang='lat'>⁸</span> 
     </span>
    </p>

    <p class='ocr_par' dir='ltr' id='par_1_30' title="bbox 206 3913 1261 4002">
     <span class='ocr_line' id='line_1_34' title="bbox 206 3913 1261 4002; baseline 0 -20"><span class='ocrx_word' id='word_1_221' title='bbox 206 3917 272 3996; x_wconf 88' lang='lat' dir='ltr'>llle,</span> <span class='ocrx_word' id='word_1_222' title='bbox 285 3913 387 3994; x_wconf 84' lang='lat' dir='ltr'>vides,</span> <span class='ocrx_word' id='word_1_223' title='bbox 401 3913 482 3999; x_wconf 68' lang='lat' dir='ltr'>puri</span> <span class='ocrx_word' id='word_1_224' title='bbox 489 3914 615 4001; x_wconf 86' lang='lat' dir='ltr'>juvenis</span> <span class='ocrx_word' id='word_1_225' title='bbox 631 3918 685 4002; x_wconf 88' lang='lat' dir='ltr'>qui</span> <span class='ocrx_word' id='word_1_226' title='bbox 700 3916 805 3982; x_wconf 89' lang='lat' dir='ltr'>nititur</span> <span class='ocrx_word' id='word_1_227' title='bbox 820 3917 926 3998; x_wconf 63' lang='lat' dir='ltr'>bustis,⁴</span> <span class='ocrx_word' id='word_1_228' title='bbox 1192 3931 1261 3992; x_wconf 75' lang='grc'>760</span> 
     </span>
    </p>

    <p class='ocr_par' dir='ltr' id='par_1_31' title="bbox 207 4015 1055 4104">
     <span class='ocr_line' id='line_1_35' title="bbox 207 4015 1055 4104; baseline 0.006 -21"><span class='ocrx_word' id='word_1_229' title='bbox 207 4019 354 4083; x_wconf 81' lang='lat' dir='ltr'>Proxima</span> <span class='ocrx_word' id='word_1_230' title='bbox 369 4030 452 4080; x_wconf 89' lang='lat' dir='ltr'>sorte</span> <span class='ocrx_word' id='word_1_231' title='bbox 467 4027 552 4080; x_wconf 88' lang='lat' dir='ltr'>tenet</span> <span class='ocrx_word' id='word_1_232' title='bbox 566 4015 644 4082; x_wconf 87' lang='lat' dir='ltr'>lucis</span> <span class='ocrx_word' id='word_1_233' title='bbox 659 4015 750 4098; x_wconf 71' lang='lat' dir='ltr'>loca,</span> <span class='ocrx_word' id='word_1_234' title='bbox 771 4022 891 4104; x_wconf 87' lang='lat' dir='ltr'>primus</span> <span class='ocrx_word' id='word_1_235' title='bbox 905 4019 1055 4088; x_wconf 83' lang='lat' dir='ltr'>adauras</span> 
     </span>
    </p>

    <p class='ocr_par' dir='ltr' id='par_1_32' title="bbox 209 4119 948 4214">
     <span class='ocr_line' id='line_1_36' title="bbox 209 4119 948 4214; baseline 0.003 -27"><span class='ocrx_word' id='word_1_236' title='bbox 209 4121 364 4188; x_wconf 84' lang='lat' dir='ltr'>AEtherius</span> <span class='ocrx_word' id='word_1_237' title='bbox 380 4119 458 4188; x_wconf 86' lang='lat' dir='ltr'>ltalo</span> <span class='ocrx_word' id='word_1_238' title='bbox 473 4123 658 4192; x_wconf 81' lang='lat' dir='ltr'>commixtus</span> <span class='ocrx_word' id='word_1_239' title='bbox 673 4125 822 4212; x_wconf 83' lang='lat' dir='ltr'>sanguine</span> <span class='ocrx_word' id='word_1_240' title='bbox 833 4138 948 4214; x_wconf 85' lang='lat' dir='ltr'>surget,</span> 
     </span>
    </p>
   </div>
   <div class='ocr_carea' id='block_1_6' title="bbox 0 0 1382 5010">
    <p class='ocr_par' dir='ltr' id='par_1_33' title="bbox 0 0 1382 5010">
     <span class='ocr_line' id='line_1_37' title="bbox 0 0 1382 5010; baseline 0 0"><span class='ocrx_word' id='word_1_241' title='bbox 0 0 1382 5010; x_wconf 95' lang='lat' dir='ltr'> </span> 
     </span>
    </p>
   </div>
  </div>
 </body>
</html>
