<?xml version="1.0" encoding="UTF-8"?>
<!DOCTYPE html PUBLIC "-//W3C//DTD XHTML 1.0 Transitional//EN"
    "http://www.w3.org/TR/xhtml1/DTD/xhtml1-transitional.dtd">
<html xmlns="http://www.w3.org/1999/xhtml" xml:lang="en" lang="en">
 <head>
  <title>
</title>
<meta http-equiv="Content-Type" content="text/html;charset=utf-8" />
  <meta name='ocr-system' content='tesseract 3.04.00' />
  <meta name='ocr-capabilities' content='ocr_page ocr_carea ocr_par ocr_line ocrx_word'/>
</head>
<body>
  <div class='ocr_page' id='page_1' title='image "./bucolicageorgic00goulgoog/bucolicageorgic00goulgoog_0136.png"; bbox 0 0 2890 5002; ppageno 0'>
   <div class='ocr_carea' id='block_1_1' title="bbox 224 364 850 450">
    <p class='ocr_par' dir='ltr' id='par_1_1' title="bbox 224 364 850 450">
     <span class='ocr_line' id='line_1_1' title="bbox 224 364 850 450; baseline -0.01 -21"><span class='ocrx_word' id='word_1_1' title='bbox 224 375 280 450; x_wconf 71' lang='lat' dir='ltr'><strong>rae</strong></span> <span class='ocrx_word' id='word_1_2' title='bbox 662 364 850 426; x_wconf 69' lang='lat' dir='ltr'><strong>munos</strong></span> 
     </span>
    </p>
   </div>
   <div class='ocr_carea' id='block_1_2' title="bbox 265 512 1300 1929">
    <p class='ocr_par' dir='ltr' id='par_1_2' title="bbox 265 512 1300 1929">
     <span class='ocr_line' id='line_1_2' title="bbox 265 512 1066 601; baseline -0.002 -21"><span class='ocrx_word' id='word_1_3' title='bbox 265 516 421 581; x_wconf 78' lang='lat' dir='ltr'><strong>Praeterea</strong></span> <span class='ocrx_word' id='word_1_4' title='bbox 433 529 600 601; x_wconf 78' lang='lat' dir='ltr'><strong>sceptrum,</strong></span> <span class='ocrx_word' id='word_1_5' title='bbox 615 513 714 580; x_wconf 80' lang='lat' dir='ltr'><strong>Ilione</strong></span> <span class='ocrx_word' id='word_1_6' title='bbox 729 513 813 599; x_wconf 91' lang='lat' dir='ltr'><strong>quod</strong></span> <span class='ocrx_word' id='word_1_7' title='bbox 827 525 967 599; x_wconf 80' lang='lat' dir='ltr'><strong>gesserat</strong></span> <span class='ocrx_word' id='word_1_8' title='bbox 979 512 1066 595; x_wconf 82' lang='lat' dir='ltr'><strong>olim,</strong></span> 
     </span>
     <span class='ocr_line' id='line_1_3' title="bbox 267 615 993 701; baseline -0.004 -19"><span class='ocrx_word' id='word_1_9' title='bbox 267 618 407 684; x_wconf 85' lang='lat' dir='ltr'><strong>Maxima</strong></span> <span class='ocrx_word' id='word_1_10' title='bbox 421 631 563 686; x_wconf 82' lang='lat' dir='ltr'><strong>natantur</strong></span> <span class='ocrx_word' id='word_1_11' title='bbox 579 619 706 698; x_wconf 82' lang='lat' dir='ltr'><strong>Priami,</strong></span> <span class='ocrx_word' id='word_1_12' title='bbox 720 616 864 701; x_wconf 90' lang='lat' dir='ltr'><strong>colloque</strong></span> <span class='ocrx_word' id='word_1_13' title='bbox 879 615 993 682; x_wconf 87' lang='lat' dir='ltr'><strong>monile</strong></span> 
     </span>
     <span class='ocr_line' id='line_1_4' title="bbox 266 719 1298 806; baseline -0.002 -21"><span class='ocrx_word' id='word_1_14' title='bbox 266 719 450 800; x_wconf 89' lang='lat' dir='ltr'><strong>Baccatum‚</strong></span> <span class='ocrx_word' id='word_1_15' title='bbox 464 733 495 786; x_wconf 86' lang='lat' dir='ltr'><strong>et</strong></span> <span class='ocrx_word' id='word_1_16' title='bbox 508 719 666 806; x_wconf 86' lang='lat' dir='ltr'><strong>duplicem</strong></span> <span class='ocrx_word' id='word_1_17' title='bbox 680 722 810 806; x_wconf 86' lang='lat' dir='ltr'><strong>gemmis</strong></span> <span class='ocrx_word' id='word_1_18' title='bbox 825 739 962 804; x_wconf 84' lang='lat' dir='ltr'><strong>auroque</strong></span> <span class='ocrx_word' id='word_1_19' title='bbox 976 737 1136 786; x_wconf 74' lang='lat' dir='ltr'><strong>coronam.</strong></span> <span class='ocrx_word' id='word_1_20' title='bbox 1230 723 1298 788; x_wconf 75' lang='lat'><strong>855</strong></span> 
     </span>
     <span class='ocr_line' id='line_1_5' title="bbox 270 821 1085 903; baseline -0.007 -13"><span class='ocrx_word' id='word_1_21' title='bbox 270 825 350 890; x_wconf 83' lang='lat' dir='ltr'><strong>Haec</strong></span> <span class='ocrx_word' id='word_1_22' title='bbox 366 823 517 903; x_wconf 87' lang='lat' dir='ltr'><strong>celerans,</strong></span> <span class='ocrx_word' id='word_1_23' title='bbox 532 829 591 889; x_wconf 85' lang='lat' dir='ltr'><strong>iter</strong></span> <span class='ocrx_word' id='word_1_24' title='bbox 606 823 648 888; x_wconf 87' lang='lat' dir='ltr'><strong>ad</strong></span> <span class='ocrx_word' id='word_1_25' title='bbox 663 845 759 889; x_wconf 79' lang='lat' dir='ltr'><strong>naves</strong></span> <span class='ocrx_word' id='word_1_26' title='bbox 772 821 922 888; x_wconf 83' lang='lat' dir='ltr'><strong>tendebat</strong></span> <span class='ocrx_word' id='word_1_27' title='bbox 936 822 1085 888; x_wconf 81' lang='lat' dir='ltr'><strong>Achates.</strong></span> 
     </span>
     <span class='ocr_line' id='line_1_6' title="bbox 312 925 1106 1012; baseline -0.004 -20"><span class='ocrx_word' id='word_1_28' title='bbox 312 931 353 992; x_wconf 83' lang='lat' dir='ltr'><strong>At</strong></span> <span class='ocrx_word' id='word_1_29' title='bbox 368 925 532 1012; x_wconf 65' lang='lat' dir='ltr'><strong>Cytherea</strong></span> <span class='ocrx_word' id='word_1_30' title='bbox 545 947 643 992; x_wconf 86' lang='lat' dir='ltr'><strong>nouas</strong></span> <span class='ocrx_word' id='word_1_31' title='bbox 657 941 751 1006; x_wconf 82' lang='lat' dir='ltr'><strong>artes,</strong></span> <span class='ocrx_word' id='word_1_32' title='bbox 764 947 846 992; x_wconf 87' lang='lat' dir='ltr'><strong>nova</strong></span> <span class='ocrx_word' id='word_1_33' title='bbox 858 939 987 1011; x_wconf 83' lang='lat' dir='ltr'><strong>pectore</strong></span> <span class='ocrx_word' id='word_1_34' title='bbox 1001 938 1106 992; x_wconf 85' lang='lat' dir='ltr'><strong>versat</strong></span> 
     </span>
     <span class='ocr_line' id='line_1_7' title="bbox 270 1028 1016 1113; baseline -0.003 -19"><span class='ocrx_word' id='word_1_35' title='bbox 270 1029 411 1094; x_wconf 88' lang='lat' dir='ltr'><strong>Consilia</strong></span> <span class='ocrx_word' id='word_1_36' title='bbox 422 1039 486 1113; x_wconf 65' lang='lat' dir='ltr'><strong>3lut</strong></span> <span class='ocrx_word' id='word_1_37' title='bbox 499 1030 613 1096; x_wconf 86' lang='lat' dir='ltr'><strong>faciem</strong></span> <span class='ocrx_word' id='word_1_38' title='bbox 627 1043 760 1094; x_wconf 88' lang='lat' dir='ltr'><strong>mutatus</strong></span> <span class='ocrx_word' id='word_1_39' title='bbox 774 1043 806 1094; x_wconf 90' lang='lat' dir='ltr'><strong>et</strong></span> <span class='ocrx_word' id='word_1_40' title='bbox 819 1051 876 1094; x_wconf 91' lang='lat' dir='ltr'><strong>ora</strong></span> <span class='ocrx_word' id='word_1_41' title='bbox 890 1028 1016 1113; x_wconf 91' lang='lat' dir='ltr'><strong>Cupido</strong></span> 
     </span>
     <span class='ocr_line' id='line_1_8' title="bbox 271 1129 1046 1214; baseline -0.003 -18"><span class='ocrx_word' id='word_1_42' title='bbox 271 1131 332 1196; x_wconf 88' lang='lat' dir='ltr'><strong>Pro</strong></span> <span class='ocrx_word' id='word_1_43' title='bbox 347 1129 431 1196; x_wconf 90' lang='lat' dir='ltr'><strong>dulci</strong></span> <span class='ocrx_word' id='word_1_44' title='bbox 447 1133 583 1195; x_wconf 84' lang='lat' dir='ltr'><strong>Ascanio</strong></span> <span class='ocrx_word' id='word_1_45' title='bbox 596 1133 712 1210; x_wconf 86' lang='lat' dir='ltr'><strong>veniat,</strong></span> <span class='ocrx_word' id='word_1_46' title='bbox 726 1129 877 1214; x_wconf 85' lang='lat' dir='ltr'><strong>donisque</strong></span> <span class='ocrx_word' id='word_1_47' title='bbox 892 1129 1046 1196; x_wconf 79' lang='lat' dir='ltr'><strong>biremem</strong></span> 
     </span>
     <span class='ocr_line' id='line_1_9' title="bbox 267 1231 1300 1319; baseline -0.008 -17"><span class='ocrx_word' id='word_1_48' title='bbox 267 1233 420 1302; x_wconf 79' lang='lat' dir='ltr'><strong>incendat</strong></span> <span class='ocrx_word' id='word_1_49' title='bbox 433 1237 583 1319; x_wconf 75' lang='lat' dir='ltr'><strong>reginam,</strong></span> <span class='ocrx_word' id='word_1_50' title='bbox 598 1245 691 1318; x_wconf 87' lang='lat' dir='ltr'><strong>atque</strong></span> <span class='ocrx_word' id='word_1_51' title='bbox 704 1233 828 1300; x_wconf 86' lang='lat' dir='ltr'><strong>ossibus</strong></span> <span class='ocrx_word' id='word_1_52' title='bbox 841 1231 983 1317; x_wconf 87' lang='lat' dir='ltr'><strong>implicet</strong></span> <span class='ocrx_word' id='word_1_53' title='bbox 997 1236 1111 1318; x_wconf 84' lang='lat' dir='ltr'><strong>ignem.</strong></span> <span class='ocrx_word' id='word_1_54' title='bbox 1231 1235 1300 1294; x_wconf 85' lang='grc'><strong>660</strong></span> 
     </span>
     <span class='ocr_line' id='line_1_10' title="bbox 270 1332 1211 1422; baseline -0.004 -20"><span class='ocrx_word' id='word_1_55' title='bbox 270 1339 394 1422; x_wconf 83' lang='lat' dir='ltr'><strong>Quippe</strong></span> <span class='ocrx_word' id='word_1_56' title='bbox 408 1335 533 1400; x_wconf 87' lang='lat' dir='ltr'><strong>domum</strong></span> <span class='ocrx_word' id='word_1_57' title='bbox 548 1339 635 1400; x_wconf 89' lang='lat' dir='ltr'><strong>timet</strong></span> <span class='ocrx_word' id='word_1_58' title='bbox 650 1335 837 1422; x_wconf 76' lang='lat' dir='ltr'><strong>ambiguam,</strong></span> <span class='ocrx_word' id='word_1_59' title='bbox 851 1335 1032 1420; x_wconf 85' lang='lat' dir='ltr'><strong>Tyriosque</strong></span> <span class='ocrx_word' id='word_1_60' title='bbox 1046 1332 1211 1420; x_wconf 83' lang='lat' dir='ltr'><strong>bilingues.</strong></span> 
     </span>
     <span class='ocr_line' id='line_1_11' title="bbox 270 1436 1071 1518; baseline -0.002 -16"><span class='ocrx_word' id='word_1_61' title='bbox 270 1437 343 1502; x_wconf 89' lang='lat' dir='ltr'><strong>Urit</strong></span> <span class='ocrx_word' id='word_1_62' title='bbox 357 1451 447 1502; x_wconf 83' lang='lat' dir='ltr'><strong>atrox</strong></span> <span class='ocrx_word' id='word_1_63' title='bbox 462 1437 555 1518; x_wconf 82' lang='lat' dir='ltr'><strong>Jnno,</strong></span> <span class='ocrx_word' id='word_1_64' title='bbox 570 1451 601 1501; x_wconf 89' lang='lat' dir='ltr'><strong>et</strong></span> <span class='ocrx_word' id='word_1_65' title='bbox 615 1436 674 1502; x_wconf 91' lang='lat' dir='ltr'><strong>sub</strong></span> <span class='ocrx_word' id='word_1_66' title='bbox 688 1450 812 1502; x_wconf 86' lang='lat' dir='ltr'><strong>noctem</strong></span> <span class='ocrx_word' id='word_1_67' title='bbox 826 1457 903 1502; x_wconf 89' lang='lat' dir='ltr'><strong>cura</strong></span> <span class='ocrx_word' id='word_1_68' title='bbox 916 1449 1071 1504; x_wconf 84' lang='lat' dir='ltr'><strong>recursat.</strong></span> 
     </span>
     <span class='ocr_line' id='line_1_12' title="bbox 270 1537 1002 1624; baseline -0.001 -22"><span class='ocrx_word' id='word_1_69' title='bbox 270 1537 354 1624; x_wconf 83' lang='lat' dir='ltr'><strong>Ergo</strong></span> <span class='ocrx_word' id='word_1_70' title='bbox 368 1537 418 1602; x_wconf 88' lang='lat' dir='ltr'><strong>his</strong></span> <span class='ocrx_word' id='word_1_71' title='bbox 433 1537 584 1624; x_wconf 88' lang='lat' dir='ltr'><strong>aligerum</strong></span> <span class='ocrx_word' id='word_1_72' title='bbox 599 1538 694 1603; x_wconf 90' lang='lat' dir='ltr'><strong>dictis</strong></span> <span class='ocrx_word' id='word_1_73' title='bbox 709 1537 821 1604; x_wconf 83' lang='lat' dir='ltr'><strong>affatur</strong></span> <span class='ocrx_word' id='word_1_74' title='bbox 837 1541 1002 1604; x_wconf 77' lang='lat' dir='ltr'><strong>Amorem:</strong></span> 
     </span>
     <span class='ocr_line' id='line_1_13' title="bbox 269 1641 1042 1728; baseline 0.003 -24"><span class='ocrx_word' id='word_1_75' title='bbox 269 1641 360 1719; x_wconf 86' lang='lat' dir='ltr'><strong>Nate,</strong></span> <span class='ocrx_word' id='word_1_76' title='bbox 375 1661 450 1704; x_wconf 78' lang='lat' dir='ltr'><strong>mec</strong></span> <span class='ocrx_word' id='word_1_77' title='bbox 465 1645 560 1721; x_wconf 85' lang='lat' dir='ltr'><strong>vires,</strong></span> <span class='ocrx_word' id='word_1_78' title='bbox 576 1662 645 1706; x_wconf 85' lang='lat' dir='ltr'><strong>mea</strong></span> <span class='ocrx_word' id='word_1_79' title='bbox 659 1662 772 1728; x_wconf 86' lang='lat' dir='ltr'><strong>magna</strong></span> <span class='ocrx_word' id='word_1_80' title='bbox 786 1645 934 1727; x_wconf 73' lang='lat' dir='ltr'><strong>potentia</strong></span> <span class='ocrx_word' id='word_1_81' title='bbox 949 1642 1042 1719; x_wconf 85' lang='lat' dir='ltr'><strong>solus,</strong></span> 
     </span>
     <span class='ocr_line' id='line_1_14' title="bbox 268 1739 1046 1827; baseline 0.004 -23"><span class='ocrx_word' id='word_1_82' title='bbox 268 1739 360 1820; x_wconf 85' lang='lat' dir='ltr'><strong>Nate,</strong></span> <span class='ocrx_word' id='word_1_83' title='bbox 375 1743 473 1825; x_wconf 86' lang='lat' dir='ltr'><strong>patris</strong></span> <span class='ocrx_word' id='word_1_84' title='bbox 488 1745 599 1806; x_wconf 88' lang='lat' dir='ltr'><strong>summi</strong></span> <span class='ocrx_word' id='word_1_85' title='bbox 614 1745 668 1825; x_wconf 90' lang='lat' dir='ltr'><strong>qui</strong></span> <span class='ocrx_word' id='word_1_86' title='bbox 683 1741 746 1806; x_wconf 87' lang='lat' dir='ltr'><strong>tela</strong></span> <span class='ocrx_word' id='word_1_87' title='bbox 759 1741 910 1827; x_wconf 85' lang='lat' dir='ltr'><strong>Typhoia</strong></span> <span class='ocrx_word' id='word_1_88' title='bbox 925 1746 1046 1822; x_wconf 89' lang='lat' dir='ltr'><strong>temnis,</strong></span> 
     </span>
     <span class='ocr_line' id='line_1_15' title="bbox 269 1841 1055 1929; baseline 0 -23"><span class='ocrx_word' id='word_1_89' title='bbox 269 1841 319 1906; x_wconf 81' lang='lat' dir='ltr'><strong>Ad</strong></span> <span class='ocrx_word' id='word_1_90' title='bbox 335 1856 365 1905; x_wconf 89' lang='lat' dir='ltr'><strong>te</strong></span> <span class='ocrx_word' id='word_1_91' title='bbox 380 1843 534 1927; x_wconf 82' lang='lat' dir='ltr'><strong>confugio,</strong></span> <span class='ocrx_word' id='word_1_92' title='bbox 549 1855 580 1906; x_wconf 88' lang='lat' dir='ltr'><strong>et</strong></span> <span class='ocrx_word' id='word_1_93' title='bbox 594 1843 727 1928; x_wconf 82' lang='lat' dir='ltr'><strong>supplex</strong></span> <span class='ocrx_word' id='word_1_94' title='bbox 742 1857 794 1907; x_wconf 88' lang='lat' dir='ltr'><strong>tua</strong></span> <span class='ocrx_word' id='word_1_95' title='bbox 808 1848 934 1908; x_wconf 89' lang='lat' dir='ltr'><strong>numina</strong></span> <span class='ocrx_word' id='word_1_96' title='bbox 947 1865 1055 1929; x_wconf 83' lang='lat' dir='ltr'><strong>posco.</strong></span> 
     </span>
    </p>
   </div>
   <div class='ocr_carea' id='block_1_3' title="bbox 271 1941 1025 2129">
    <p class='ocr_par' dir='ltr' id='par_1_3' title="bbox 271 1941 1025 2129">
     <span class='ocr_line' id='line_1_16' title="bbox 271 1941 1025 2030; baseline 0.008 -25"><span class='ocrx_word' id='word_1_97' title='bbox 271 1941 382 2006; x_wconf 80' lang='lat' dir='ltr'><strong>Frater</strong></span> <span class='ocrx_word' id='word_1_98' title='bbox 397 1955 429 2006; x_wconf 92' lang='lat' dir='ltr'><strong>ut</strong></span> <span class='ocrx_word' id='word_1_99' title='bbox 444 1941 557 2006; x_wconf 78' lang='lat' dir='ltr'><strong>AEneas</strong></span> <span class='ocrx_word' id='word_1_100' title='bbox 572 1942 685 2030; x_wconf 79' lang='lat' dir='ltr'><strong>pelago</strong></span> <span class='ocrx_word' id='word_1_101' title='bbox 700 1957 768 2008; x_wconf 86' lang='lat' dir='ltr'><strong>tuus</strong></span> <span class='ocrx_word' id='word_1_102' title='bbox 782 1948 888 2008; x_wconf 89' lang='lat' dir='ltr'><strong>omnia</strong></span> <span class='ocrx_word' id='word_1_103' title='bbox 902 1949 1025 2012; x_wconf 88' lang='lat' dir='ltr'><strong>circum</strong></span> 
     </span>
     <span class='ocr_line' id='line_1_17' title="bbox 273 2035 918 2129; baseline 0.002 -22"><span class='ocrx_word' id='word_1_104' title='bbox 273 2042 395 2107; x_wconf 89' lang='lat' dir='ltr'><strong>Littora</strong></span> <span class='ocrx_word' id='word_1_105' title='bbox 405 2045 541 2129; x_wconf 88' lang='lat' dir='ltr'><strong>jactetur</strong></span> <span class='ocrx_word' id='word_1_106' title='bbox 554 2035 636 2106; x_wconf 86' lang='lat' dir='ltr'><strong>odiis</strong></span> <span class='ocrx_word' id='word_1_107' title='bbox 649 2044 781 2108; x_wconf 74' lang='lat' dir='ltr'><strong>iunonis</strong></span> <span class='ocrx_word' id='word_1_108' title='bbox 795 2047 918 2129; x_wconf 77' lang='lat' dir='ltr'><strong>inique,</strong></span> 
     </span>
    </p>
   </div>
   <div class='ocr_carea' id='block_1_4' title="bbox 271 2143 1111 2842">
    <p class='ocr_par' dir='ltr' id='par_1_4' title="bbox 274 2143 995 2231">
     <span class='ocr_line' id='line_1_18' title="bbox 274 2143 995 2231; baseline 0 -21"><span class='ocrx_word' id='word_1_109' title='bbox 274 2145 357 2210; x_wconf 87' lang='lat' dir='ltr'><strong>Nota</strong></span> <span class='ocrx_word' id='word_1_110' title='bbox 372 2146 450 2224; x_wconf 79' lang='lat' dir='ltr'><strong>tibi3</strong></span> <span class='ocrx_word' id='word_1_111' title='bbox 472 2157 503 2208; x_wconf 85' lang='lat' dir='ltr'><strong>et</strong></span> <span class='ocrx_word' id='word_1_112' title='bbox 517 2158 623 2210; x_wconf 87' lang='lat' dir='ltr'><strong>nostro</strong></span> <span class='ocrx_word' id='word_1_113' title='bbox 637 2143 763 2210; x_wconf 81' lang='lat' dir='ltr'><strong>doluisti</strong></span> <span class='ocrx_word' id='word_1_114' title='bbox 778 2147 860 2231; x_wconf 73' lang='lat' dir='ltr'><strong>sepe</strong></span> <span class='ocrx_word' id='word_1_115' title='bbox 874 2145 995 2210; x_wconf 87' lang='lat' dir='ltr'><strong>dolore.</strong></span> 
     </span>
    </p>

    <p class='ocr_par' dir='ltr' id='par_1_5' title="bbox 271 2247 1111 2842">
     <span class='ocr_line' id='line_1_19' title="bbox 271 2247 1111 2332; baseline -0.001 -19"><span class='ocrx_word' id='word_1_116' title='bbox 271 2249 367 2314; x_wconf 90' lang='lat' dir='ltr'><strong>Hune</strong></span> <span class='ocrx_word' id='word_1_117' title='bbox 384 2247 547 2312; x_wconf 79' lang='lat' dir='ltr'><strong>Phoenissa</strong></span> <span class='ocrx_word' id='word_1_118' title='bbox 561 2261 646 2312; x_wconf 87' lang='lat' dir='ltr'><strong>tenet</strong></span> <span class='ocrx_word' id='word_1_119' title='bbox 660 2247 756 2328; x_wconf 88' lang='lat' dir='ltr'><strong>Dido,</strong></span> <span class='ocrx_word' id='word_1_120' title='bbox 771 2247 958 2332; x_wconf 84' lang='lat' dir='ltr'><strong>blandisque</strong></span> <span class='ocrx_word' id='word_1_121' title='bbox 972 2259 1111 2314; x_wconf 87' lang='lat' dir='ltr'><strong>moratur</strong></span> 
     </span>
     <span class='ocr_line' id='line_1_20' title="bbox 271 2348 1027 2434; baseline -0.008 -16"><span class='ocrx_word' id='word_1_122' title='bbox 271 2351 433 2418; x_wconf 87' lang='lat' dir='ltr'><strong>Vocibus:</strong></span> <span class='ocrx_word' id='word_1_123' title='bbox 457 2362 489 2414; x_wconf 88' lang='lat' dir='ltr'><strong>et</strong></span> <span class='ocrx_word' id='word_1_124' title='bbox 502 2370 614 2414; x_wconf 88' lang='lat' dir='ltr'><strong>vereor</strong></span> <span class='ocrx_word' id='word_1_125' title='bbox 629 2348 691 2434; x_wconf 80' lang='lat' dir='ltr'><strong>qud</strong></span> <span class='ocrx_word' id='word_1_126' title='bbox 705 2371 739 2413; x_wconf 90' lang='lat' dir='ltr'><strong>se</strong></span> <span class='ocrx_word' id='word_1_127' title='bbox 754 2351 773 2413; x_wconf 93' lang='lat' dir='ltr'>J</span> <span class='ocrx_word' id='word_1_128' title='bbox 776 2354 890 2414; x_wconf 90' lang='lat' dir='ltr'><strong>unonia</strong></span> <span class='ocrx_word' id='word_1_129' title='bbox 903 2362 1027 2414; x_wconf 84' lang='lat' dir='ltr'><strong>vertant</strong></span> 
     </span>
     <span class='ocr_line' id='line_1_21' title="bbox 273 2450 1076 2540; baseline -0.005 -20"><span class='ocrx_word' id='word_1_130' title='bbox 273 2455 439 2540; x_wconf 81' lang='lat' dir='ltr'><strong>Hospitis:</strong></span> <span class='ocrx_word' id='word_1_131' title='bbox 463 2451 549 2518; x_wconf 88' lang='lat' dir='ltr'><strong>haud</strong></span> <span class='ocrx_word' id='word_1_132' title='bbox 563 2465 648 2518; x_wconf 86' lang='lat' dir='ltr'><strong>tanto</strong></span> <span class='ocrx_word' id='word_1_133' title='bbox 663 2452 802 2520; x_wconf 86' lang='lat' dir='ltr'><strong>cessabit</strong></span> <span class='ocrx_word' id='word_1_134' title='bbox 815 2450 945 2516; x_wconf 86' lang='lat' dir='ltr'><strong>cardine</strong></span> <span class='ocrx_word' id='word_1_135' title='bbox 960 2472 1076 2516; x_wconf 84' lang='lat' dir='ltr'><strong>rerum.</strong></span> 
     </span>
     <span class='ocr_line' id='line_1_22' title="bbox 273 2552 1081 2641; baseline -0.004 -20"><span class='ocrx_word' id='word_1_136' title='bbox 273 2557 432 2639; x_wconf 82' lang='lat' dir='ltr'><strong>Quocirca</strong></span> <span class='ocrx_word' id='word_1_137' title='bbox 446 2577 562 2641; x_wconf 88' lang='lat' dir='ltr'><strong>capere</strong></span> <span class='ocrx_word' id='word_1_138' title='bbox 577 2557 649 2620; x_wconf 71' lang='lat' dir='ltr'><strong>autb</strong></span> <span class='ocrx_word' id='word_1_139' title='bbox 664 2554 755 2636; x_wconf 80' lang='lat' dir='ltr'><strong>dolis,</strong></span> <span class='ocrx_word' id='word_1_140' title='bbox 770 2569 801 2620; x_wconf 87' lang='lat' dir='ltr'><strong>et</strong></span> <span class='ocrx_word' id='word_1_141' title='bbox 815 2559 942 2641; x_wconf 79' lang='lat' dir='ltr'><strong>cingere</strong></span> <span class='ocrx_word' id='word_1_142' title='bbox 956 2552 1081 2618; x_wconf 75' lang='lat' dir='ltr'><strong>flammd</strong></span> 
     </span>
     <span class='ocr_line' id='line_1_23' title="bbox 274 2657 1043 2748; baseline -0.005 -25"><span class='ocrx_word' id='word_1_143' title='bbox 274 2657 430 2744; x_wconf 85' lang='lat' dir='ltr'><strong>Reginam</strong></span> <span class='ocrx_word' id='word_1_144' title='bbox 445 2657 596 2736; x_wconf 82' lang='lat' dir='ltr'><strong>meditor3</strong></span> <span class='ocrx_word' id='word_1_145' title='bbox 618 2678 657 2720; x_wconf 92' lang='lat' dir='ltr'><strong>ne</strong></span> <span class='ocrx_word' id='word_1_146' title='bbox 673 2678 734 2742; x_wconf 89' lang='lat' dir='ltr'><strong>quo</strong></span> <span class='ocrx_word' id='word_1_147' title='bbox 749 2677 783 2720; x_wconf 90' lang='lat' dir='ltr'><strong>se</strong></span> <span class='ocrx_word' id='word_1_148' title='bbox 798 2658 923 2720; x_wconf 87' lang='lat' dir='ltr'><strong>numine</strong></span> <span class='ocrx_word' id='word_1_149' title='bbox 938 2669 1043 2748; x_wconf 79' lang='lat' dir='ltr'><strong>mutet,</strong></span> 
     </span>
     <span class='ocr_line' id='line_1_24' title="bbox 276 2759 1013 2842; baseline -0.003 -18"><span class='ocrx_word' id='word_1_150' title='bbox 276 2759 340 2824; x_wconf 89' lang='lat' dir='ltr'><strong>Sed</strong></span> <span class='ocrx_word' id='word_1_151' title='bbox 355 2779 467 2842; x_wconf 86' lang='lat' dir='ltr'><strong>magno</strong></span> <span class='ocrx_word' id='word_1_152' title='bbox 484 2759 587 2822; x_wconf 78' lang='lat' dir='ltr'><strong>AEnee</strong></span> <span class='ocrx_word' id='word_1_153' title='bbox 601 2779 724 2822; x_wconf 88' lang='lat' dir='ltr'><strong>mecum</strong></span> <span class='ocrx_word' id='word_1_154' title='bbox 739 2771 880 2821; x_wconf 87' lang='lat' dir='ltr'><strong>teneatur</strong></span> <span class='ocrx_word' id='word_1_155' title='bbox 895 2778 1013 2822; x_wconf 89' lang='lat' dir='ltr'><strong>amore.</strong></span> 
     </span>
    </p>
   </div>
   <div class='ocr_carea' id='block_1_5' title="bbox 275 2855 1168 3041">
    <p class='ocr_par' dir='ltr' id='par_1_6' title="bbox 275 2855 1168 3041">
     <span class='ocr_line' id='line_1_25' title="bbox 275 2855 1168 2944; baseline 0.002 -24"><span class='ocrx_word' id='word_1_156' title='bbox 275 2858 345 2939; x_wconf 71' lang='lat' dir='ltr'><strong>Qua</strong></span> <span class='ocrx_word' id='word_1_157' title='bbox 359 2857 465 2920; x_wconf 81' lang='lat' dir='ltr'><strong>facere</strong></span> <span class='ocrx_word' id='word_1_158' title='bbox 480 2855 512 2916; x_wconf 91' lang='lat' dir='ltr'><strong>id</strong></span> <span class='ocrx_word' id='word_1_159' title='bbox 528 2859 638 2938; x_wconf 86' lang='lat' dir='ltr'><strong>possis,</strong></span> <span class='ocrx_word' id='word_1_160' title='bbox 652 2869 788 2919; x_wconf 89' lang='lat' dir='ltr'><strong>nostram</strong></span> <span class='ocrx_word' id='word_1_161' title='bbox 803 2877 884 2920; x_wconf 90' lang='lat' dir='ltr'><strong>nunc</strong></span> <span class='ocrx_word' id='word_1_162' title='bbox 898 2863 1010 2944; x_wconf 86' lang='lat' dir='ltr'><strong>accipe</strong></span> <span class='ocrx_word' id='word_1_163' title='bbox 1023 2870 1168 2926; x_wconf 85' lang='lat' dir='ltr'><strong>mentem.</strong></span> 
     </span>
     <span class='ocr_line' id='line_1_26' title="bbox 277 2955 959 3041; baseline 0.006 -21"><span class='ocrx_word' id='word_1_164' title='bbox 277 2957 405 3041; x_wconf 88' lang='lat' dir='ltr'><strong>Regius,</strong></span> <span class='ocrx_word' id='word_1_165' title='bbox 420 2956 523 3016; x_wconf 90' lang='lat' dir='ltr'><strong>accitu</strong></span> <span class='ocrx_word' id='word_1_166' title='bbox 537 2957 603 3016; x_wconf 87' lang='lat' dir='ltr'><strong>cari</strong></span> <span class='ocrx_word' id='word_1_167' title='bbox 618 2958 778 3039; x_wconf 85' lang='lat' dir='ltr'><strong>genitoris,</strong></span> <span class='ocrx_word' id='word_1_168' title='bbox 792 2955 833 3020; x_wconf 85' lang='lat' dir='ltr'><strong>ad</strong></span> <span class='ocrx_word' id='word_1_169' title='bbox 847 2957 959 3024; x_wconf 87' lang='lat' dir='ltr'><strong>urbem</strong></span> 
     </span>
    </p>
   </div>
   <div class='ocr_carea' id='block_1_6' title="bbox 278 3055 1120 3762">
    <p class='ocr_par' dir='ltr' id='par_1_7' title="bbox 278 3055 1120 3450">
     <span class='ocr_line' id='line_1_27' title="bbox 278 3055 1043 3142; baseline 0.007 -21"><span class='ocrx_word' id='word_1_170' title='bbox 278 3055 437 3122; x_wconf 90' lang='lat' dir='ltr'><strong>Sidoniam</strong></span> <span class='ocrx_word' id='word_1_171' title='bbox 452 3077 531 3140; x_wconf 89' lang='lat' dir='ltr'><strong>puer</strong></span> <span class='ocrx_word' id='word_1_172' title='bbox 545 3059 592 3120; x_wconf 90' lang='lat' dir='ltr'><strong>ire</strong></span> <span class='ocrx_word' id='word_1_173' title='bbox 606 3071 707 3142; x_wconf 86' lang='lat' dir='ltr'><strong>parat,</strong></span> <span class='ocrx_word' id='word_1_174' title='bbox 720 3079 791 3122; x_wconf 88' lang='lat' dir='ltr'><strong>mea</strong></span> <span class='ocrx_word' id='word_1_175' title='bbox 805 3063 943 3124; x_wconf 85' lang='lat' dir='ltr'><strong>maxima</strong></span> <span class='ocrx_word' id='word_1_176' title='bbox 957 3081 1043 3140; x_wconf 82' lang='lat' dir='ltr'><strong>cura,</strong></span> 
     </span>
     <span class='ocr_line' id='line_1_28' title="bbox 279 3157 1120 3250; baseline 0.001 -25"><span class='ocrx_word' id='word_1_177' title='bbox 279 3161 372 3225; x_wconf 90' lang='lat' dir='ltr'><strong>Dona</strong></span> <span class='ocrx_word' id='word_1_178' title='bbox 387 3159 500 3238; x_wconf 84' lang='lat' dir='ltr'><strong>serens,</strong></span> <span class='ocrx_word' id='word_1_179' title='bbox 516 3157 628 3247; x_wconf 89' lang='lat' dir='ltr'><strong>pelago</strong></span> <span class='ocrx_word' id='word_1_180' title='bbox 643 3172 674 3223; x_wconf 92' lang='lat' dir='ltr'><strong>et</strong></span> <span class='ocrx_word' id='word_1_181' title='bbox 688 3159 820 3225; x_wconf 85' lang='lat' dir='ltr'><strong>flammis</strong></span> <span class='ocrx_word' id='word_1_182' title='bbox 833 3165 984 3228; x_wconf 87' lang='lat' dir='ltr'><strong>restantia</strong></span> <span class='ocrx_word' id='word_1_183' title='bbox 998 3163 1120 3250; x_wconf 79' lang='lat' dir='ltr'><strong>Troje:</strong></span> 
     </span>
     <span class='ocr_line' id='line_1_29' title="bbox 279 3263 1080 3351; baseline 0.004 -21"><span class='ocrx_word' id='word_1_184' title='bbox 279 3263 374 3330; x_wconf 88' lang='lat' dir='ltr'><strong>Hunc</strong></span> <span class='ocrx_word' id='word_1_185' title='bbox 390 3285 448 3349; x_wconf 89' lang='lat' dir='ltr'><strong>ego</strong></span> <span class='ocrx_word' id='word_1_186' title='bbox 462 3264 595 3348; x_wconf 88' lang='lat' dir='ltr'><strong>sopitum</strong></span> <span class='ocrx_word' id='word_1_187' title='bbox 609 3283 726 3343; x_wconf 86' lang='lat' dir='ltr'><strong>somno,</strong></span> <span class='ocrx_word' id='word_1_188' title='bbox 740 3285 833 3350; x_wconf 84' lang='lat' dir='ltr'><strong>super</strong></span> <span class='ocrx_word' id='word_1_189' title='bbox 848 3266 910 3330; x_wconf 89' lang='lat' dir='ltr'><strong>alta</strong></span> <span class='ocrx_word' id='word_1_190' title='bbox 925 3265 1080 3351; x_wconf 79' lang='lat' dir='ltr'><strong>Cythera,</strong></span> 
     </span>
     <span class='ocr_line' id='line_1_30' title="bbox 280 3363 1037 3450; baseline 0.003 -18"><span class='ocrx_word' id='word_1_191' title='bbox 280 3369 342 3432; x_wconf 80' lang='lat' dir='ltr'><strong>Aut</strong></span> <span class='ocrx_word' id='word_1_192' title='bbox 357 3387 450 3450; x_wconf 90' lang='lat' dir='ltr'><strong>super</strong></span> <span class='ocrx_word' id='word_1_193' title='bbox 465 3363 607 3446; x_wconf 85' lang='lat' dir='ltr'><strong>Idalium,</strong></span> <span class='ocrx_word' id='word_1_194' title='bbox 622 3366 746 3430; x_wconf 69' lang='lat' dir='ltr'><strong>sacrata</strong></span> <span class='ocrx_word' id='word_1_195' title='bbox 759 3367 836 3432; x_wconf 88' lang='lat' dir='ltr'><strong>sede</strong></span> <span class='ocrx_word' id='word_1_196' title='bbox 850 3367 1037 3448; x_wconf 68' lang='lat' dir='ltr'><strong>recondam</strong></span> 
     </span>
    </p>

    <p class='ocr_par' dir='ltr' id='par_1_8' title="bbox 279 3465 1110 3762">
     <span class='ocr_line' id='line_1_31' title="bbox 279 3465 1110 3558; baseline 0.008 -26"><span class='ocrx_word' id='word_1_197' title='bbox 279 3468 308 3532; x_wconf 89' lang='lat' dir='ltr'>N</span> <span class='ocrx_word' id='word_1_198' title='bbox 311 3488 328 3532; x_wconf 92' lang='lat' dir='ltr'><strong>e</strong></span> <span class='ocrx_word' id='word_1_199' title='bbox 344 3467 404 3552; x_wconf 68' lang='lat' dir='ltr'><strong>qud</strong></span> <span class='ocrx_word' id='word_1_200' title='bbox 419 3470 500 3532; x_wconf 88' lang='lat' dir='ltr'><strong>scire</strong></span> <span class='ocrx_word' id='word_1_201' title='bbox 514 3465 613 3548; x_wconf 91' lang='lat' dir='ltr'><strong>dolos,</strong></span> <span class='ocrx_word' id='word_1_202' title='bbox 627 3468 788 3534; x_wconf 86' lang='lat' dir='ltr'><strong>mediusve</strong></span> <span class='ocrx_word' id='word_1_203' title='bbox 802 3492 969 3537; x_wconf 88' lang='lat' dir='ltr'><strong>occurrere</strong></span> <span class='ocrx_word' id='word_1_204' title='bbox 985 3477 1092 3558; x_wconf 88' lang='lat' dir='ltr'><strong>possit.</strong></span> <span class='ocrx_word' id='word_1_205' title='bbox 1107 3551 1110 3557; x_wconf 16' lang='grc' dir='ltr'><strong><em>Δ</em></strong></span> 
     </span>
     <span class='ocr_line' id='line_1_32' title="bbox 279 3567 1042 3659; baseline 0.009 -26"><span class='ocrx_word' id='word_1_206' title='bbox 279 3571 329 3636; x_wconf 93' lang='lat' dir='ltr'><strong>Tu</strong></span> <span class='ocrx_word' id='word_1_207' title='bbox 344 3570 456 3635; x_wconf 81' lang='lat' dir='ltr'><strong>faciem</strong></span> <span class='ocrx_word' id='word_1_208' title='bbox 472 3567 564 3650; x_wconf 87' lang='lat' dir='ltr'><strong>illius,</strong></span> <span class='ocrx_word' id='word_1_209' title='bbox 579 3584 702 3636; x_wconf 90' lang='lat' dir='ltr'><strong>noctem</strong></span> <span class='ocrx_word' id='word_1_210' title='bbox 716 3593 778 3636; x_wconf 90' lang='lat' dir='ltr'><strong>non</strong></span> <span class='ocrx_word' id='word_1_211' title='bbox 793 3572 925 3659; x_wconf 79' lang='lat' dir='ltr'><strong>amplius</strong></span> <span class='ocrx_word' id='word_1_212' title='bbox 939 3597 1042 3657; x_wconf 82' lang='lat' dir='ltr'><strong>unam,</strong></span> 
     </span>
     <span class='ocr_line' id='line_1_33' title="bbox 281 3671 1052 3762; baseline 0.01 -25"><span class='ocrx_word' id='word_1_213' title='bbox 281 3671 368 3738; x_wconf 81' lang='lat' dir='ltr'><strong>Falla</strong></span> <span class='ocrx_word' id='word_1_214' title='bbox 383 3672 465 3753; x_wconf 87' lang='lat' dir='ltr'><strong>dolo,</strong></span> <span class='ocrx_word' id='word_1_215' title='bbox 480 3686 511 3738; x_wconf 87' lang='lat' dir='ltr'><strong>et</strong></span> <span class='ocrx_word' id='word_1_216' title='bbox 524 3687 613 3738; x_wconf 87' lang='lat' dir='ltr'><strong>notos</strong></span> <span class='ocrx_word' id='word_1_217' title='bbox 627 3679 717 3760; x_wconf 88' lang='lat' dir='ltr'><strong>pueri</strong></span> <span class='ocrx_word' id='word_1_218' title='bbox 732 3697 810 3762; x_wconf 91' lang='lat' dir='ltr'><strong>puer</strong></span> <span class='ocrx_word' id='word_1_219' title='bbox 824 3677 918 3743; x_wconf 91' lang='lat' dir='ltr'><strong>indue</strong></span> <span class='ocrx_word' id='word_1_220' title='bbox 933 3678 1052 3759; x_wconf 63' lang='lat' dir='ltr'><strong>vultum</strong></span> 
     </span>
    </p>
   </div>
   <div class='ocr_carea' id='block_1_7' title="bbox 282 3775 1043 3973">
    <p class='ocr_par' dir='ltr' id='par_1_9' title="bbox 282 3775 1043 3973">
     <span class='ocr_line' id='line_1_34' title="bbox 282 3775 1043 3864; baseline 0.007 -23"><span class='ocrx_word' id='word_1_221' title='bbox 282 3775 335 3856; x_wconf 82' lang='lat' dir='ltr'><strong>Ut,</strong></span> <span class='ocrx_word' id='word_1_222' title='bbox 350 3797 443 3861; x_wconf 90' lang='lat' dir='ltr'><strong>quum</strong></span> <span class='ocrx_word' id='word_1_223' title='bbox 458 3790 488 3840; x_wconf 89' lang='lat' dir='ltr'><strong>te</strong></span> <span class='ocrx_word' id='word_1_224' title='bbox 502 3781 621 3864; x_wconf 77' lang='lat' dir='ltr'><strong>grermo</strong></span> <span class='ocrx_word' id='word_1_225' title='bbox 636 3783 772 3864; x_wconf 85' lang='lat' dir='ltr'><strong>accipiet</strong></span> <span class='ocrx_word' id='word_1_226' title='bbox 787 3780 942 3848; x_wconf 80' lang='lat' dir='ltr'><strong>latissima</strong></span> <span class='ocrx_word' id='word_1_227' title='bbox 956 3782 1043 3848; x_wconf 91' lang='lat' dir='ltr'><strong>Dido</strong></span> 
     </span>
     <span class='ocr_line' id='line_1_35' title="bbox 283 3853 1008 3973; baseline 0.014 -30"><span class='ocrx_word' id='word_1_228' title='bbox 283 3877 418 3966; x_wconf 85' lang='lat' dir='ltr'><strong>Regaies</strong></span> <span class='ocrx_word' id='word_1_229' title='bbox 430 3853 513 3944; x_wconf 84' lang='lat' dir='ltr'><strong>inter</strong></span> <span class='ocrx_word' id='word_1_230' title='bbox 528 3901 651 3946; x_wconf 86' lang='lat' dir='ltr'><strong>mensas</strong></span> <span class='ocrx_word' id='word_1_231' title='bbox 667 3881 852 3970; x_wconf 85' lang='lat' dir='ltr'><strong>laticemque</strong></span> <span class='ocrx_word' id='word_1_232' title='bbox 867 3885 1008 3973; x_wconf 75' lang='lat' dir='ltr'><strong>Lyaeum,</strong></span> 
     </span>
    </p>
   </div>
   <div class='ocr_carea' id='block_1_8' title="bbox 282 3980 1108 4080">
    <p class='ocr_par' dir='ltr' id='par_1_10' title="bbox 282 3980 1108 4080">
     <span class='ocr_line' id='line_1_36' title="bbox 282 3980 1108 4080; baseline 0.012 -34"><span class='ocrx_word' id='word_1_233' title='bbox 282 3984 383 4065; x_wconf 83' lang='lat' dir='ltr'><strong>Quum</strong></span> <span class='ocrx_word' id='word_1_234' title='bbox 397 3980 488 4046; x_wconf 89' lang='lat' dir='ltr'><strong>dabit</strong></span> <span class='ocrx_word' id='word_1_235' title='bbox 502 3983 664 4069; x_wconf 86' lang='lat' dir='ltr'><strong>amplexus</strong></span> <span class='ocrx_word' id='word_1_236' title='bbox 679 4001 772 4073; x_wconf 86' lang='lat' dir='ltr'><strong>atque</strong></span> <span class='ocrx_word' id='word_1_237' title='bbox 786 3989 893 4056; x_wconf 85' lang='lat' dir='ltr'><strong>osculo</strong></span> <span class='ocrx_word' id='word_1_238' title='bbox 906 3990 1012 4058; x_wconf 89' lang='lat' dir='ltr'><strong>dulcia</strong></span> <span class='ocrx_word' id='word_1_239' title='bbox 1025 3993 1108 4080; x_wconf 65' lang='lat' dir='ltr'><strong>ligea</strong></span> 
     </span>
    </p>
   </div>
   <div class='ocr_carea' id='block_1_9' title="bbox 0 0 1478 5002">
    <p class='ocr_par' dir='ltr' id='par_1_11' title="bbox 0 0 1478 5002">
     <span class='ocr_line' id='line_1_37' title="bbox 0 0 1478 5002; baseline 0 0"><span class='ocrx_word' id='word_1_240' title='bbox 0 0 1478 5002; x_wconf 95' lang='lat' dir='ltr'><strong> </strong></span> 
     </span>
    </p>
   </div>
  </div>
 </body>
</html>
