2756 5010
527 484 645 552 mesta
661 487 712 552 Vl.

114 643 243 710 Sedibus
257 646 373 730 optatis
387 647 520 732 geminae
535 665 629 731 super
643 645 758 712 arbore
772 644 884 729 sidunt,

112 747 258 812 Discolor
270 745 354 812 unde
370 748 438 812 auri
452 767 510 834 per
523 767 627 814 ramos
642 767 720 814 aura
733 749 864 816 refulsit·-

112 851 210 934 Quale
225 850 305 915 solet
318 849 404 916 silvis
418 849 555 916 brumali
570 851 685 939 frigore
700 852 819 918 viscum

114 951 234 1020 Fronde
249 954 352 1018 virere
367 953 460 1034 novi,
475 951 559 1040 quod
574 975 636 1020 non
651 975 707 1020 sua
722 959 855 1022 seminat
874 957 978 1038 arbos,

116 1057 152 1122 Et
165 1079 280 1124 croceo
294 1060 370 1122 foetu
386 1071 500 1122 teretes
514 1057 713 1124 circumdare
727 1072 872 1126 truncos:

113 1159 197 1225 Talis
213 1173 282 1226 erat
296 1161 419 1247 species
434 1163 503 1225 auri
517 1157 690 1226 frondentis
708 1161 809 1248 opaci

115 1263 203 1346 llice;
225 1269 273 1331 sic
288 1264 350 1330 leni
364 1264 542 1352 crepitabat
556 1265 686 1330 bractea
701 1277 806 1332 vento.

114 1367 249 1456 Corripit
264 1367 379 1434 AEoeas
395 1367 562 1455 extemplo,
577 1368 751 1454 avidusque
766 1367 909 1456 refringit

115 1469 325 1552 Cunctantem,
341 1484 371 1538 et
387 1474 467 1536 vatis
481 1468 584 1556 portat
599 1471 658 1537 sub
672 1485 756 1537 tecta
771 1471 913 1560 Sibyllae.
945 1493 950 1546 ι

151 1573 219 1640 Nec
233 1572 336 1640 minim
350 1578 470 1640 interea
485 1573 639 1639 Misenum
654 1576 688 1639 in
702 1574 804 1640 littore
819 1573 936 1642 Teucri

118 1675 253 1758 Flebant,
269 1691 300 1743 et
313 1677 413 1743 cineri
427 1678 548 1764 ingrato
562 1697 708 1764 suprema
721 1677 877 1744 ferebant.

117 1779 267 1867 Principio
282 1779 533 1892 pingueuqtaedis
547 1789 578 1845 et
592 1781 707 1845 robore
722 1794 809 1847 secto

116 1873 427 1972 lugentemlstruxire
441 1903 556 1972 pyram
568 1910 577 1964 3
598 1885 649 1948 cui
663 1885 826 1950 frondibus
841 1885 916 1950 atris

117 1987 254 2053 intexunt
269 1987 378 2067 latera,
393 1998 424 2052 et
438 1984 554 2071 ferales
568 1987 641 2050 antri
656 2007 820 2072 cupressos

117 2087 317 2171 constituunt,
331 2088 546 2175 decorantque
561 2088 657 2174 supdr
670 2087 858 2176 fulgentibus
873 2090 978 2156 armis.

117 2193 185 2261 Pars
198 2193 322 2260 calidos
335 2193 491 2282 laticeset
505 2193 608 2258 ahena
622 2193 773 2260 undantia
787 2193 920 2260 flammis

116 2295 299 2386 Expediunt,
312 2273 488 2385 dorpusque
503 2295 609 2362 lavant
623 2297 763 2384 frigentis
777 2312 809 2363 et
823 2311 972 2390 ungunt-q

116 2401 159 2467 Fit
171 2406 321 2492 gemitus:
344 2415 410 2467 tum
424 2400 565 2466 membra
581 2413 649 2465 toro
663 2399 778 2465 delleta
792 2415 962 2488 reponunt3

117 2503 349 2592 Purpureasque
363 2503 459 2590 supbr
472 2517 586 2583 vestes,
596 2501 752 2568 velamina
767 2518 849 2583 nota,

116 2606 298 2696 Conjiciunt.
344 2605 421 2672 Pars
436 2605 551 2694 ingenti
565 2604 692 2670 subiere
708 2605 833 2687 feretro,

115 2707 211 2776 Triste
226 2710 441 2788 ministerium,
457 2721 487 2772 et
502 2709 675 2794 subjectam
691 2729 777 2772 more
791 2709 955 2793 parenttim

96 2897 101 2910 Ι
115 2813 217 2880 Aversi
233 2815 362 2880 tenudre
373 2815 475 2879 facem
485 2838 493 2877 ι
505 2825 665 2916 {congesta
679 2825 858 2878 cremantur

114 2911 237 2982 'fburea
252 2915 346 2998 dona,
360 2905 468 3004 dapes,
482 2916 551 2980 fuso
565 2929 703 2980 crateres
717 2913 811 3010 olivo.
826 2925 831 2989 l

115 3015 276 3106 Postquam
291 3016 423 3106 collapsi
437 3019 569 3100 cineres,
584 3031 615 3082 et
629 3019 754 3084 flamma
770 3022 896 3105 quievit,

115 3119 271 3210 Reliquias
284 3127 359 3188 rino
374 3135 405 3191 et
419 3122 562 3188 bibulam
575 3121 682 3188 lavdre
700 3121 847 3206 favillam,

116 3221 250 3314 Ossaque
265 3225 350 3291 lecta
364 3223 445 3291 cado
460 3225 538 3290 texit
552 3223 728 3312 Corynaeus
743 3225 856 3292 aheno.

114 3323 192 3392 ldem
206 3343 256 3395 ter
270 3331 372 3394 socios
384 3319 466 3413 pura
480 3325 670 3392 circumtulit
684 3325 777 3408 unda,

115 3426 265 3518 spargens
279 3451 351 3496 rore
366 3429 429 3494 levi
443 3441 473 3493 et
487 3449 575 3493 ramo
590 3427 690 3492 felicis
704 3427 805 3509 oliva,

114 3525 329 3620 lustravitque
343 3535 439 3610 viros,
453 3528 594 3614 dixitque
609 3519 778 3594 novissime
792 3525 901 3594 verbs.

114 3635 151 3698 n
163 3640 232 3722 pius
248 3635 366 3702 AEneas
379 3637 496 3722 ingenti
511 3633 592 3699 mole
607 3632 784 3719 sepulcrum

114 3734 385 3839 lmponiqsunque
401 3757 489 3802 erma
502 3738 580 3817 viro,
595 3757 785 3821 remumque,
801 3737 979 3823 tubamque,

115 3837 215 3909 llonte
229 3844 290 3909 sub
306 3842 403 3922 aerio,
418 3844 472 3927 qui
486 3861 568 3906 nunc
583 3839 722 3905 Misenus
737 3837 779 3904 ab
794 3838 849 3904 illo

112 3941 468 4038 Dicitur‚„aeternumqoe
482 3956 567 4010 tenet
580 3965 638 4029 per
652 3941 768 4007 soecula
783 3963 905 4008 nomen.

151 4047 212 4113 His
226 4053 317 4132 actis,
331 4049 466 4136 propere
481 4043 662 4134 exsequitur
675 4059 837 4133 praeeepta
851 4045 994 4134 Sibyllae.

115 4149 268 4238 Spelunca
282 4151 348 4220 alta
361 4153 428 4248 luit,
442 4164 594 4238 vastoque
608 4152 752 4218 immanis
766 4149 864 4234 biatu¹
