2648 5288
614 759 732 819 turm
750 762 772 817 l.

199 919 313 984 Nescio
329 914 391 1001 quir
406 928 518 999 preter
532 913 654 979 solitum
669 916 836 981 dulcedine
852 916 923 997 leti,

196 1025 274 1088 lnter
290 1044 324 1086 se
341 1022 371 1085 in
387 1018 469 1083 loliis
484 1016 664 1104 strepitant3
682 1019 781 1106 jurat,
798 1020 945 1088 imbribus
956 1024 1044 1102 sctis,

199 1126 382 1212 Progeniem
398 1146 525 1210 perram
540 1124 709 1209 dulcesque
725 1127 860 1191 revisere
877 1128 976 1194 nidos.

237 1232 332 1300 Haud
346 1233 495 1318 equidem
509 1232 604 1296 credo
621 1233 693 1316 quin
708 1233 747 1298 sit
762 1235 904 1299 divinitus
917 1236 976 1301 illis

197 1341 365 1426 Ingenium,
378 1353 432 1403 nut
446 1359 548 1403 rernm
565 1336 629 1402 leto
645 1340 809 1422 prudentis
823 1342 941 1428 mejorr

198 1444 323 1524 Verirm,
339 1444 392 1508 ubi
409 1456 576 1526 tempestas
591 1457 624 1507 et
638 1445 710 1508 coeli
726 1445 846 1509 mobilis
861 1447 971 1512 humor

199 1550 356 1614 Mutavere
371 1551 447 1628 vias,
460 1563 493 1612 et
506 1546 627 1634 Jupiter
644 1550 754 1614 uvidus
772 1553 881 1615 sustris

202 1655 314 1721 Denset
330 1671 417 1719 erunt
433 1676 500 1740 que
512 1653 702 1733 reremedio,
719 1668 751 1718 et
763 1675 830 1739 qne
846 1657 943 1722 dense
956 1657 1088 1739 reluat,

202 1761 362 1827 vertuntur
378 1763 500 1846 species
516 1760 700 1840 animorum,
715 1776 745 1826 et
760 1780 888 1847 pectore
902 1779 1005 1830 motus

202 1868 288 1934 Nunc
305 1870 391 1945 elios,
408 1869 483 1932 nlios
500 1868 574 1931 dum
589 1867 692 1930 nubile
708 1883 817 1933 ventus
832 1869 954 1954 egebat,

200 1975 382 2060 Concipiunt
397 1997 405 2034 ε
427 1974 500 2038 hinc
515 1972 565 2037 ille
579 1974 680 2037 evium
692 1989 860 2040 concenors
876 1976 907 2040 in
922 1977 1013 2062 egris,

199 2081 236 2146 Et
252 2082 325 2144 laetae
342 2080 492 2165 pecudes,
509 2094 540 2143 et
554 2093 681 2143 ovantes
696 2094 817 2164 gutture
833 2082 929 2145 corvi.

238 2187 272 2250 Si
289 2184 363 2249 vero
379 2184 476 2249 solem
492 2184 530 2247 nd
547 2184 688 2269 rapidum
704 2185 851 2271 lunasque
868 2200 1032 2271 sequentes

199 2290 313 2357 Ordine
330 2292 488 2376 respicies,
504 2312 661 2375 numquam
677 2305 708 2354 te
724 2294 856 2357 crastino
874 2293 958 2360 fellet

199 2396 293 2477 Hora,
308 2419 413 2482 neque
428 2397 544 2461 insidiis
559 2400 656 2487 noctis
668 2397 791 2483 capiere
806 2423 933 2466 serens.

199 2503 283 2569 Luna
299 2517 490 2572 revertentes
505 2524 600 2588 quum
616 2504 747 2589 primum
763 2507 878 2591 colligit
892 2508 991 2593 ignes,

201 2612 229 2674 Si
245 2614 365 2696 nigrum
381 2611 514 2675 obscuro
528 2611 757 2695 comprenderit
772 2612 845 2675 air'rn
860 2635 967 2690 cornu,

198 2716 351 2782 Maximus
368 2717 508 2800 agricolis
524 2715 695 2800 pelagoque
712 2717 867 2802 parebitur
882 2718 981 2787 imber
994 2704 1035 2781 :ll

201 2823 249 2897 At,
265 2825 288 2885 si
303 2823 475 2906 virgineum
490 2820 649 2885 suffuderit
664 2843 718 2884 ore
734 2822 890 2899 ruborem,

202 2927 312 2991 Ventus
329 2929 410 3005 erit3
434 2943 524 2991 vento
539 2950 662 3012 semper
678 2928 767 2991 rubet
783 2949 878 2991 aurea
892 2928 1036 2993 Phoebe:

202 3041 252 3103 Sin
267 3056 333 3104 ortu
351 3041 379 3102 in
398 3053 505 3122 quarto
520 3035 668 3124 (nemque
685 3041 710 3102 is
726 3040 913 3103 certissimus
929 3040 1050 3127 unctor)

200 3145 290 3222 Pura,
306 3166 408 3229 neque
424 3143 540 3208 obtusis
551 3165 607 3228 per
622 3145 735 3207 coelum
752 3144 895 3208 cornibus
910 3145 974 3222 ibit,

196 3248 293 3314 Totus
308 3265 340 3313 et
355 3249 406 3313 ille
422 3250 499 3326 dies,
513 3265 542 3312 et
559 3251 610 3333 qui
626 3265 789 3313 nascentur
805 3251 842 3313 nb
859 3250 911 3314 illo

200 3356 352 3421 Exactum
366 3357 405 3419 nd
422 3377 571 3433 mensem,
583 3354 687 3440 pluvii
701 3358 858 3441 ventisque
875 3360 1033 3435 carebunt,
1167 3363 1231 3424 435

198 3460 337 3546 Votaque
353 3463 463 3526 servati
481 3462 598 3525 solvent
613 3463 643 3525 in
659 3461 757 3526 littore
773 3479 871 3527 naute

198 3569 317 3633 Glauco
333 3582 364 3630 et
380 3565 533 3654 Panopen
550 3582 582 3630 et
596 3565 671 3631 lnoo
687 3567 867 3633 Melicerte.

242 3675 295 3738 Sol
311 3695 446 3759 quoque,
462 3693 493 3737 et
509 3675 661 3750 exoriens,
678 3688 709 3736 et
725 3694 819 3757 quum
836 3677 995 3740 secundet
1010 3678 1040 3741 in
1056 3678 1164 3754 nudus,

200 3783 293 3865 Signa
309 3781 412 3843 dabit:
436 3781 531 3844 solem
548 3780 716 3844 certissima
732 3781 817 3863 signu
833 3796 1010 3865 sequuntur,

200 3887 241 3952 Et
257 3909 322 3970 quo
340 3885 427 3949 mane
445 3885 549 3963 refert,
566 3900 597 3948 et
613 3907 678 3969 qum
696 3887 888 3968 surgentibus
904 3887 1001 3952 nstris·
1165 3893 1231 3951 440

241 3991 296 4056 llle
312 3993 362 4055 ubi
373 4008 555 4056 noscentem
573 3991 700 4055 maculis
715 3993 875 4056 variaverit
890 4008 989 4056 ortum

198 4098 348 4162 Conditus
363 4099 393 4160 in
409 4099 533 4173 nubem,
549 4096 713 4181 medioque
726 4096 876 4181 refugerit*
886 4099 972 4177 orbe,

202 4204 341 4286 Suspecti
358 4201 410 4264 tibi
426 4203 486 4266 sint
500 4203 635 4265 imbres:
657 4222 790 4286 nemque
808 4217 894 4286 urget
909 4205 948 4268 nb
964 4205 1025 4268 olto

200 4315 428 4397 Arboribusque
444 4315 577 4398 setisque
593 4312 694 4378 Notus
710 4316 876 4398 pecorique
892 4312 1021 4378 sinister.

200 4421 261 4484 Aut
276 4423 326 4484 ubi
344 4422 398 4484 sub
415 4422 516 4485 lucem
533 4422 628 4485 dense
644 4422 722 4484 inter
737 4419 838 4484 nubila
851 4439 920 4483 sese
1017 4424 1029 4451 '
1165 4421 1228 4481 445

200 4524 321 4590 Diversi
337 4543 479 4612 rumpent
492 4527 581 4606 radii,
597 4524 715 4592 rutubi
730 4524 843 4609 pallida
859 4538 961 4607 surget
