2792 4998
623 457 740 520 tinnit
758 457 822 520 ΧΗ.
1202 463 1262 524 879

221 611 367 697 Quinque
381 609 475 676 orbes
490 609 617 698 explent
631 633 735 691 eursu,
750 609 940 696 totidemque
954 621 1100 678 retexunt
1142 616 1147 634 ‘

219 717 307 797 Huc,
322 717 416 798 iltuc;
438 739 540 804 neque
556 721 638 784 enim
654 717 738 782 levia
752 729 806 782 aut
821 715 941 782 ludicra
956 731 1103 803 petuntur

220 818 366 900 Premis,
381 817 437 884 sed
453 821 554 884 Turni
568 820 610 886 de
625 819 687 884 viti
704 833 736 884 et
750 822 899 906 sanguine
914 832 1046 886 cenant.
1197 827 1258 890 765

263 923 358 988 Fortd
373 945 465 989 sacer
482 925 589 989 Fauno
602 923 686 988 foliis
700 923 837 988 oleaster
851 925 967 986 amaris

219 1023 288 1090 Hic
304 1040 443 1110 steterat,
457 1033 557 1094 nautis
572 1029 647 1094 olim
662 1027 844 1094 venerabile
859 1031 1000 1115 signum

219 1129 343 1196 Servati
358 1155 400 1198 ex
415 1133 507 1199 undis
521 1134 576 1198 ubi
591 1135 686 1220 ligere
700 1123 784 1198 dona
799 1131 942 1196 solebant

218 1229 371 1300 Laurenti
385 1237 469 1317 divo,
485 1250 516 1300 et
531 1251 618 1302 votas
633 1236 825 1323 suspendere
840 1248 961 1300 vestes:

217 1335 285 1400 Sed
299 1338 427 1424 stirpem
441 1340 567 1420 Teucri,
582 1339 666 1405 nullo
680 1339 871 1419 discrimine,
885 1359 1010 1404 sacrum
1199 1345 1261 1404 770
1301 1341 1324 1396 ⁰

218 1438 426 1522 Sustulerant,
436 1465 516 1528 puro
529 1458 563 1508 ut
576 1456 703 1530 possent
717 1463 905 1508 concurrere
920 1465 1044 1529 campo.

218 1539 291 1606 Ille
307 1542 395 1608 hasta
408 1542 518 1610 AEnee
533 1547 657 1628 stabat,
680 1545 740 1611 huc
757 1545 989 1631 impetus'illam

215 1649 387 1716 Detulerat
401 1654 506 1735 fixam,
521 1669 552 1720 et
567 1655 650 1720 lenti
665 1659 696 1720 in
710 1653 819 1720 radice
834 1654 973 1718 tenebat.

218 1755 378 1837 Incubuit,
392 1757 551 1845 voluitque
566 1781 659 1824 manu
673 1757 851 1824 convellere
866 1759 982 1822 ferrum

217 1857 433 1942 Dardanides,
448 1861 572 1948 teloque
587 1863 676 1948 sequi
691 1883 783 1948 quem
802 1862 958 1948 prendere
973 1882 1071 1926 cursu«
1198 1868 1258 1928 775

216 1961 295 2030 Non
307 1979 440 2050 poterat.
484 1967 566 2030 Tum
581 1966 658 2032 vero
672 1987 779 2031 amens
794 1965 959 2031 formidine
975 1966 1108 2046 Turnus,

215 2067 339 2150 Fauno,
353 2091 475 2155 precor,
490 2073 648 2152 miserere,
662 2075 772 2156 lnquit,
787 2083 881 2156 tuque
896 2073 1015 2156 optima
1028 2070 1144 2134 serrum

216 2171 325 2236 Terra
340 2185 420 2253 tene,
435 2173 517 2238 colui
532 2187 651 2238 vestros
666 2177 693 2238 si
708 2193 833 2260 semper
847 2171 990 2252 honores,

214 2273 309 2356 Quos
323 2274 429 2338 contri
444 2273 598 2339 AEneadae
614 2273 699 2339 bello
712 2274 819 2340 iscire
833 2275 992 2360 profanos.
1036 2271 1039 2280 ’

213 2377 324 2457 Dixit,
338 2397 492 2464 opemque
507 2377 559 2442 dei
575 2400 635 2442 non
650 2398 741 2442 cassa
755 2381 788 2440 in
802 2389 875 2440 vota
889 2374 1024 2440 vocavit.
1198 2383 1258 2442 780

214 2479 256 2545 N
256 2501 366 2566 amque
382 2481 436 2547 diu
454 2481 585 2562 luctans,
600 2481 746 2564 lentoque
761 2481 791 2544 in
807 2481 904 2564 stirpe
918 2489 1063 2556 moratuS,

214 2584 355 2650 Viribus
371 2585 454 2651 haud
469 2586 541 2651 ullis
556 2585 654 2650 valuit
669 2583 848 2648 discludere
863 2601 982 2645 morsus
1006 2634 1010 2643 .

215 2685 361 2751 Roboris
375 2687 502 2753 AEnens.
546 2688 630 2752 Dum
646 2688 752 2752 nititur
766 2709 850 2768 acer,
866 2703 896 2752 et
911 2688 1010 2767 instat,

214 2791 345 2856 Rursus
358 2794 391 2855 in
406 2795 522 2878 aurigas
537 2793 652 2856 faciem
667 2803 782 2856 mutata
797 2791 921 2855 Metisci

213 2894 393 2974 Procurriq
407 2896 557 2979 fratrique
573 2915 677 2960 ensem
693 2893 754 2958 dea
768 2892 893 2988 Daunia
908 2891 1023 2958 reddit.
1199 2903 1258 2961 785

212 2995 319 3081 Quod
335 2997 443 3063 Venus
459 2998 571 3064 audaci
587 2998 745 3084 Nymphae
760 2996 922 3084 indignata
937 2997 1044 3079 licere,

212 3102 378 3180 Accessit,
388 3101 547 3186 telumque
563 3098 626 3164 alta
640 3101 682 3165 ab
696 3099 805 3166 radice
817 3099 953 3165 revellit.

213 3201 291 3269 Olli
306 3203 462 3284 sublimes,
477 3205 572 3268 armis
588 3205 758 3288 animisque
773 3206 895 3283 reiecti,

214 3307 294 3373 Hic
308 3305 412 3392 gladio
426 3306 535 3387 fidens,
551 3307 601 3372 hic
618 3327 693 3372 acer
707 3321 737 3371 et
752 3307 868 3372 arduus
883 3304 981 3385 hasti,

211 3405 388 3476 Adsistunt
402 3411 520 3491 conmd,
534 3414 704 3475 certamine
721 3410 832 3476 Martis
847 3408 962 3473 anheli.
1200 3421 1260 3482 790

266 3512 423 3577 lunonem
437 3513 557 3578 interea
569 3535 628 3578 rex
642 3516 861 3599 omnipotentis
876 3511 1005 3598 Olympi

212 3613 413 3700 Alloquitur,
428 3615 513 3680 fulvi
527 3637 646 3704 pugnas
661 3617 702 3681 de
717 3617 800 3680 nube
816 3627 963 3680 tuentem.

212 3723 306 3804 Quae
317 3720 383 3806 jam
397 3721 467 3785 linis
482 3725 552 3802 erit,
566 3721 702 3808 conjux?
724 3719 799 3805 quid
815 3719 950 3806 denique
965 3725 1083 3786 restat?

210 3803 396 3908 ludigetein
412 3821 533 3888 AEnean
548 3823 609 3888 scis
624 3824 701 3909 ipsa,
716 3835 747 3887 et
761 3825 842 3888 scire
856 3824 973 3905 lateris,

206 3925 349 3996 Deberi
363 3925 453 4005 coelo,
467 3927 602 4012 latisque
617 3924 657 3990 ad
673 3925 775 3990 sidera
791 3925 869 3990 tolli.
1201 3939 1261 3998 795

205 4028 312 4117 Quid
327 4031 440 4094 struis?
462 4045 516 4094 aut
530 4029 592 4116 quii
607 4050 663 4116 spe
678 4029 788 4116 gelidis
802 4029 833 4093 in
849 4031 984 4097 nubibus
999 4031 1121 4098 hoeresl

207 4131 386 4201 Mortalin’
399 4132 506 4200 decuit
520 4131 633 4198 violari
648 4131 776 4198 vnlnere
790 4131 895 4197 divum
910 4137 923 4193 t
