2772 4998
240 426 299 482 ³14
678 418 867 481 AENutnos

281 579 385 663 Atque
400 579 513 642 iterum
528 579 560 640 in
575 573 717 641 Teucros
731 573 846 641 AEtolis
860 577 959 660 surgit
973 573 1015 638 ab
1029 573 1124 658 Arpis

282 679 438 766 Tydides.
482 677 647 763 Equidem,
662 677 769 758 credo,
784 699 855 742 mea
870 680 998 742 vulnera
1013 691 1150 757 restent3

283 783 324 848 Et
338 797 391 848 tua
404 785 569 870 progenies
584 781 728 846 mortalia
743 780 888 845 demoror
903 801 1001 844 arma.
1252 781 1279 840 tt

282 886 315 951 Si
329 887 394 950 sine
408 907 488 971 pace
503 885 555 949 tuit
570 897 663 970 atque
678 885 773 948 invito
788 887 911 948 numine
927 885 1029 948 Trods

281 987 402 1052 ltaliam
417 987 546 1072 petitine,
554 983 642 1051 luant
657 1001 807 1072 peccata3
830 1007 933 1070 neque
946 983 1015 1048 illos

282 1091 407 1157 Juveris
423 1090 557 1154 auxilior
580 1089 626 1153 sin
642 1103 685 1154 tot
700 1109 850 1173 responsa
864 1091 972 1166 secuti,

280 1191 358 1274 Quae
375 1193 486 1277 Superi
502 1191 675 1276 Manesque
690 1189 819 1270 dabant,
829 1211 886 1252 cur
900 1209 981 1252 nunc
998 1200 1052 1251 tua
1066 1190 1217 1272 quisquam

280 1295 415 1360 Vertere
425 1296 514 1381 jussa
528 1297 652 1380 potestl
674 1307 726 1356 aut
740 1313 798 1356 cur
813 1314 894 1356 nova
909 1293 1047 1356 condere
1063 1294 1147 1355 l'atal
1250 1291 1277 1348 ii

280 1396 364 1479 Quid
379 1409 519 1484 repetam
535 1407 662 1460 existas
677 1393 818 1480 Erycino
833 1397 865 1458 in
882 1393 984 1458 littore
998 1392 1136 1457 classesl

278 1498 361 1582 Quid
378 1511 594 1584 tempestatum
608 1518 714 1584 regem
730 1511 902 1581 ventosque
917 1498 1053 1562 furentes

280 1599 380 1664 AEolis
394 1600 534 1664 excitos?
556 1613 608 1664 aut
622 1612 726 1664 actam
741 1599 875 1662 nubibus
891 1599 986 1662 lriml

281 1707 373 1774 Nunc
388 1711 483 1774 etlam
499 1709 610 1774 Manes
625 1707 712 1792 (haec
729 1711 879 1773 intentata
894 1709 1043 1774 manebat

279 1815 353 1878 Sors
368 1813 491 1896 rerum)
506 1826 628 1893 movet3
651 1827 683 1878 et
696 1813 817 1898 superis
832 1813 968 1878 immissa
982 1812 1112 1898 repenti
1250 1807 1278 1865 4⁰

279 1915 411 1996 Allecto,
426 1915 546 1982 medias
561 1916 673 1980 lteltim
688 1916 845 1982 bacchata
859 1937 918 2002 per
931 1917 1038 1980 urbes.

262 2017 331 2111 ⁸Nil
346 2020 583 2106 superimperio
597 2038 743 2112 moveor:
765 2023 960 2107 speravimus
975 2020 1043 2098 ista,
1067 2085 1069 2094 ,

278 2119 362 2186 Dum
377 2123 499 2188 fortuna
513 2122 591 2203 iult;
612 2125 749 2204 vincant,
760 2145 838 2209 quos
853 2124 978 2188 vincere
994 2124 1103 2186 mavis.

280 2225 312 2288 Si
326 2223 411 2290 nulla
426 2238 472 2290 est
486 2227 573 2313 regio
588 2226 719 2292 Teucris
735 2246 828 2312 quam
843 2227 898 2292 det
912 2239 964 2292 tue
979 2227 1094 2311 conjux

278 2325 388 2410 Dura3
408 2351 467 2415 per
480 2343 609 2425 eversqr,
622 2332 753 2416 genitor,
768 2330 917 2394 sumentia
931 2329 1038 2416 Trojm

278 2430 414 2496 Excidia
427 2431 576 2512 obtestor,
591 2431 685 2496 liceat
699 2430 855 2496 dimittere
869 2429 911 2496 ab
926 2431 1031 2499 ermis.

278 2532 467 2598 incolumem
481 2535 661 2616 Ascanium,
675 2533 768 2600 liceat
782 2551 946 2621 superesse
960 2545 1114 2620 nepotem.

278 2631 397 2701 AEneas
413 2636 520 2722 procul
536 2639 648 2724 ignotis
658 2639 797 2725 jactetur
812 2639 842 2704 in
857 2641 932 2720 orie,

278 2739 319 2804 Et
333 2762 560 2826 quamcumque
575 2742 657 2806 viem
673 2742 796 2808 dederit
810 2745 933 2809 fortuna
947 2753 1114 2829 sequatur:

277 2843 373 2908 Hunc
387 2855 493 2930 tegere
508 2855 539 2908 et
552 2843 630 2909 dire
645 2845 768 2910 valeam
782 2845 959 2912 subducere
977 2865 1099 2932 pugne.

275 2943 331 3008 Est
345 2944 508 3024 Amathus,
521 2957 569 3010 est
582 2945 667 3010 celsa
682 2946 761 3012 mihi
778 2947 912 3034 Paphus,
927 2958 1022 3032 atque
1037 2944 1189 3032 Cythera,

178 3062 181 3070 ’
274 3043 445 3130 ideliaeque
460 3043 588 3126 domus;
610 3047 718 3132 positis
733 3048 882 3135 inglorius
897 3048 993 3114 ermis

274 3144 390 3232 Exiget
405 3145 457 3211 hic
472 3167 590 3213 aevumr
614 3147 727 3237 magni
740 3151 857 3216 ditione
867 3153 979 3240 jubeto

273 3247 434 3338 Carthago
448 3265 570 3336 premat
584 3253 773 3334 Ausoniam
793 3255 873 3321 nihil
887 3255 1018 3322 urbibus
1034 3253 1106 3320 inde

272 3350 419 3451 Ohstabit
433 3354 553 3440 Tyriis.
596 3353 679 3438 Quid
694 3369 813 3443 pestem
828 3358 966 3424 eredere
980 3357 1057 3443 belli

268 3453 363 3535 Juvit,
377 3468 408 3521 et
423 3455 586 3544 Argolicos
601 3459 737 3526 medium
750 3461 866 3548 fugisse
885 3481 944 3550 per
957 3463 1054 3551 ignee,

273 3557 397 3644 Totque
412 3563 508 3625 maris
522 3573 680 3648 vastaque
695 3563 848 3630 exhauste
862 3566 1003 3652 pericula
1018 3580 1119 3644 terre,

271 3660 355 3726 Dum
371 3662 495 3730 Latium
510 3664 628 3730 Teucri
643 3667 846 3754 recidivaque
862 3669 1016 3756 Pergama
1030 3668 1194 3756 quarunt!

234 3851 239 3872 ι
271 3763 341 3828 Non
357 3768 453 3830 satius
467 3768 587 3833 chieres
602 3773 713 3854 patriar
729 3771 878 3836 insedisse
893 3795 1067 3860 supremos,

268 3868 373 3951 Atque
388 3867 487 3934 solum
502 3891 563 3955 quo
578 3872 676 3960 Troja
691 3873 772 3938 funt
793 3873 951 3940 Xanthum
967 3887 999 3940 et
1014 3875 1175 3942 Simodnte
1263 3865 1295 3924 ⁸)

270 3965 393 4050 Redde,
406 3992 472 4052 oro,
487 3973 606 4038 miseris
621 4001 630 4056 3
651 3975 824 4060 iterumque
840 3978 1004 4044 revolvere
1018 3997 1110 4044 castre

267 4067 330 4150 Da,
342 4086 442 4156 pater,
457 4072 569 4140 iliacos
583 4076 727 4144 Teucris·
771 4079 854 4146 Tum
867 4081 953 4167 regie
967 4081 1059 4160 duno,
