2772 4998
217 443 276 500 360
662 435 853 496 AENEIDOS

260 593 392 673 Lucent,
408 605 439 656 et
453 592 533 657 iaevo
548 591 707 680 dependet
720 615 832 679 parma
846 593 986 658 lacerto:

202 774 204 783 Ι
260 696 470 776 Orsilochum,
484 696 604 782 fugiens
619 717 826 783 magnumque
842 699 961 782 agitata
975 717 1033 782 per
1047 695 1158 776 orbem,

203 832 206 853 ·
236 798 369 884 „Eludit
383 823 464 886 gyro
480 799 832 922 interiorlsequiturque
846 815 1040 883 sequentem.
1223 803 1271 860 tut

207 958 209 967 .
260 903 342 968 Tum
358 902 498 968 validam
513 924 633 989 perque
649 925 738 968 arma
752 904 821 968 viro
836 925 958 989 perque
972 925 1045 967 ossa
1059 903 1190 978 securim,

206 986 209 1003 ⁴
261 1006 365 1072 Altior
379 1027 561 1093 exsurgens,
575 1009 678 1070 oranti
693 1019 723 1070 et
738 1005 834 1070 muita
849 1007 993 1090 precanti

263 1109 491 1195 Congeminat:
515 1107 625 1172 vulnus
640 1107 745 1172 calido
760 1112 842 1194 rigat
856 1130 913 1173 ora
929 1110 1074 1174 cerebro.

306 1211 420 1276 Incidit
435 1211 519 1292 huic,
533 1211 697 1294 subitoque
712 1210 864 1297 adspectu
880 1213 1006 1277 territus
1021 1213 1136 1292 haesitr

216 1379 220 1386 .
262 1317 520 1406 Appenninicolae
536 1317 671 1382 bellator
686 1317 765 1382 iilius
780 1318 872 1397 Auni,
1228 1317 1273 1374 tut

264 1422 363 1490 Haud
379 1423 530 1509 Ligurum
546 1435 713 1501 extremus,
728 1421 802 1484 dum
817 1420 928 1485 fallere
943 1422 1008 1486 sata
1022 1421 1170 1486 sinebant.
1188 1451 1216 1469 ν

266 1528 368 1609 Isque,
383 1524 439 1588 ubi
454 1545 488 1588 se
503 1523 587 1588 nulio
598 1525 664 1610 jam
680 1545 772 1587 cursu
788 1522 927 1588 evadere
941 1543 1055 1609 pugnae

191 1671 194 1676 ·
267 1631 372 1708 Posse,
386 1649 488 1711 neque
503 1631 669 1692 instantem
684 1629 824 1713 reginam
840 1639 995 1706 avertere,
1015 1625 1125 1704 cernit,

266 1730 406 1798 Consilio
421 1751 550 1795 versare
565 1729 654 1793 dolos
670 1731 826 1815 ingressus
840 1743 870 1793 et
886 1743 965 1810 astu,

265 1837 379 1920 incipit
395 1833 482 1896 haec:
505 1832 589 1914 Quid
606 1843 668 1896 tam
685 1836 853 1919 egregium,
868 1836 895 1896 si
909 1833 1039 1898 immina
1053 1833 1125 1898 forti

266 1939 353 2005 Fidis
369 1940 471 2020 equo?
493 1935 612 2000 dimitte
627 1937 741 2020 sugam,
756 1949 787 2000 et
801 1949 832 2000 te
847 1941 1021 2000 comminus
1037 1957 1127 2020 aequo

266 2045 392 2110 Mecum
407 2039 503 2104 crede
519 2040 595 2118 solo,
609 2061 784 2125 pugnaeque
800 2043 930 2128 accinge
945 2039 1106 2126 pedestri:

264 2149 338 2212 Jam
354 2165 464 2210 nosces
478 2156 608 2208 ventosa
623 2143 704 2207 ierat
718 2148 769 2208 cui
784 2144 885 2230 gioria
899 2143 1058 2208 fraudem.

266 2249 379 2316 Dixit:
403 2261 435 2312 at
450 2245 503 2311 illa
518 2247 633 2324 furens,
648 2249 778 2332 acrique
794 2267 929 2311 accensa
944 2246 1066 2326 dolore,

265 2349 380 2416 Tradit
394 2369 508 2433 equum
522 2347 639 2428 comiti,
653 2349 846 2433 paribusque
860 2349 977 2412 resistit
992 2351 1023 2412 in
1040 2347 1143 2424 armis,
1234 2340 1280 2397 7¹⁰

265 2453 350 2518 Ense
366 2450 463 2537 pedes
477 2448 572 2529 nudo,
586 2449 727 2535 purique
743 2453 887 2514 interrita
901 2449 1025 2534 parmi.

266 2559 309 2624 At
318 2558 454 2643 juvenis,
468 2554 581 2618 vicisse
597 2553 671 2618 dolo
686 2567 783 2635 ratus,
797 2554 900 2620 avolat
915 2557 985 2638 ipse

267 2657 366 2724 Haud
381 2677 479 2734 mora,
492 2656 713 2738 conversisque
728 2657 824 2742 fugax
839 2655 979 2719 aufertur
994 2653 1137 2734 habenis,

265 2759 574 2846 Quadrupedemque
588 2762 684 2822 citum
701 2758 815 2822 serrati
832 2757 920 2822 calce
935 2758 1058 2844 fatigat.

267 2866 362 2931 Vane
378 2863 485 2949 Ligus,
498 2863 676 2944 frustraque
692 2862 803 2925 animis
818 2860 899 2925 elate
914 2861 1071 2946 superbis,
1238 2854 1283 2912 715

168 3041 174 3048 Ι
266 2965 489 3050 Nequidquam
504 2964 622 3048 patrias
637 2965 762 3028 tontdsti
778 2963 915 3028 lubricus
931 2977 1039 3044 artem

266 3072 336 3136 Nec
352 3069 437 3132 fraus
452 3080 483 3131 te
497 3065 685 3132 incolumem
700 3067 805 3132 fallaci
820 3069 959 3152 perferet
974 3072 1080 3132 Auno.

267 3173 351 3238 ltaec
367 3172 450 3235 satur
464 3169 562 3256 virgo,
578 3181 609 3233 et
622 3171 804 3255 pernicibus
819 3173 911 3255 ignea
925 3168 1041 3255 plantis

265 3279 395 3344 Transit
410 3297 522 3359 equum
538 3296 643 3354 cursu,
658 3277 826 3358 frenisque
841 3275 977 3340 adversa
991 3275 1158 3361 prehensis

267 3380 487 3466 Congreditur,
501 3399 674 3464 poenasque
689 3379 814 3444 inimico
830 3401 870 3443 ex
885 3382 1036 3464 sanguine
1052 3379 1164 3443 sumit:
1241 3367 1288 3428 79⁰

267 3485 370 3569 Quam
385 3482 480 3548 sacili
496 3483 647 3567 accipiter
662 3503 740 3546 saxu
755 3503 846 3546 sacer
861 3481 927 3546 ales
943 3483 985 3546 ab
1000 3481 1066 3545 alto

266 3589 479 3670 Consequitur
493 3585 603 3672 pennis
618 3585 783 3649 sublimem
799 3586 829 3649 in
846 3585 929 3649 nube
944 3583 1137 3662 columbam,

205 3715 213 3732 ⁸
266 3693 556 3776 comprensamque
571 3701 665 3766 tenet,
680 3685 878 3774 pedibusque
893 3687 1049 3752 eviscerat
1058 3688 1173 3764 'uncis3

265 3795 347 3859 Tum
362 3815 456 3858 cruor
471 3807 501 3856 et
516 3791 612 3855 vulsae
628 3791 776 3856 labuntur
790 3793 833 3856 ab
847 3793 966 3857 aethere
981 3791 1109 3878 plumae.

310 3901 351 3961 At
366 3919 425 3961 non
443 3895 511 3959 haec
526 3894 618 3960 nullis
633 3895 792 3959 hominum
808 3907 893 3960 sator
909 3909 1003 3980 atque
1018 3893 1152 3958 deorum
1244 3887 1292 3946 7⁸25

265 4003 448 4068 Observans
463 3999 571 4078 oculis,
587 4021 706 4064 summo
720 3999 809 4064 sedet
825 3999 904 4064 altus
920 3999 1071 4086 Olympo.

266 4103 467 4192 Tyrrhenum
483 4105 605 4189 genitor
620 4101 821 4168 Tarchonem
838 4105 869 4167 in
885 4103 998 4190 proeiia
1014 4123 1103 4166 stava
