2756 5010
593 403 712 468 aman
728 403 763 463 li.

168 557 288 624 Factus
302 555 421 622 honos:
444 555 566 644 placidi
579 571 758 624 straverunt
771 579 901 645 aequora
915 519 1011 644 lenti,

170 661 298 728 Creber
312 675 344 727 et
358 660 525 747 adspirans
539 683 646 728 rursus
661 677 755 728 vocat
768 667 883 730 Auster
897 668 930 730 in
945 664 1052 732 altum.

166 763 325 829 Exoritur
338 785 496 851 procurva
511 768 620 850 iugens
634 787 692 851 per
707 765 810 831 littora
826 766 936 832 fletus:
1154 771 1216 832 767

169 866 341 953 Complexi
356 870 486 932 interae
501 881 688 954 noctemque
703 866 853 954 diemque
868 881 1037 936 morantur.

170 969 253 1055 lpsae
265 969 334 1057 jam
348 983 475 1050 matres,
489 973 551 1056 ipsi
566 969 681 1055 quibus
696 992 811 1057 aspera
824 971 985 1059 quondam

168 1071 253 1138 Visa
268 1075 367 1138 maris
382 1072 491 1153 iacies,
507 1085 538 1138 et
552 1097 614 1140 nou
629 1073 796 1140 tolerabile
810 1097 936 1156 numen,

169 1175 223 1242 lre
238 1173 359 1256 volunt,
373 1197 559 1262 omnemque
574 1178 655 1264 tugae
671 1179 814 1264 perferre
830 1178 983 1246 laborem.
1225 1237 1228 1243 ,

164 1279 257 1362 Quos
273 1279 375 1344 bonus
391 1278 506 1344 AEncas
520 1279 615 1348 dictis
630 1279 749 1376 solatur
764 1285 885 1362 amicis,
1156 1289 1218 1352 770

165 1383 211 1448 Et
225 1385 462 1470 consanguineo
476 1382 659 1471 lacrymans
673 1385 872 1452 commendat
886 1388 1022 1452 Acestae.
1107 1387 1110 1392 '

165 1483 252 1550 Tres
266 1484 370 1571 Eryci
383 1485 508 1566 vitulos,
524 1500 555 1550 et
569 1487 824 1574 Tempestatibus
839 1510 961 1576 aguam,

166 1587 308 1654 Cedere
322 1587 439 1656 deinde
450 1591 552 1677 jubat,
566 1589 708 1678 solvique
723 1615 764 1658 ex
777 1592 890 1659 ordine
904 1594 1020 1662 funem.

166 1693 254 1778 lpse,
268 1705 365 1778 caput
379 1705 476 1758 tonsae
491 1692 574 1758 foliis
588 1697 729 1760 evinctus
743 1693 846 1775 olivae,
1219 1697 1244 1739 Χ

163 1795 263 1859 Stans
277 1795 392 1880 procul
405 1796 436 1862 in
450 1795 556 1882 proni,
570 1810 713 1882 pateram
728 1811 822 1876 tenet,
837 1811 974 1886 extaque
988 1797 1087 1866 salsos
1154 1805 1215 1864 775

167 1895 309 1961 Porricit
323 1899 357 1960 in
372 1896 492 1978 fluctus,
506 1919 545 1962 ac
559 1899 633 1964 vina
647 1897 797 1984 liquentia
810 1900 922 1966 fundit.

165 1997 375 2084 Prosequitur
388 2021 518 2086 surgens
532 2020 552 2063 a
565 2004 664 2087 puppi
678 2015 789 2066 ventus
803 2014 930 2070 euntes:

164 2100 326 2168 Certatim
340 2103 418 2166 socii
434 2104 551 2168 feriunt
564 2125 662 2185 mare,
677 2119 708 2170 et
721 2127 849 2191 aequora
863 2120 1001 2174 verrunt.

214 2209 259 2269 At
273 2205 386 2272 Venus
402 2207 521 2272 interea
536 2206 724 2292 Neptunum,
739 2212 880 2274 exercita
894 2213 990 2290 curis,

163 2307 361 2395 Alloquitur,
375 2299 516 2396 talesque
531 2309 663 2376 effundit
675 2325 805 2397 pectore
820 2328 947 2398 questus
959 2337 968 2384 t
1153 2319 1216 2380 700

162 2413 187 2478 J
189 2413 298 2478 anonis
313 2416 421 2500 gravis
435 2413 493 2494 ira,
508 2435 568 2480 nec
584 2414 797 2480 exsaturabile
811 2428 931 2502 pectus,
1149 2405 1157 2420 ⁸

163 2515 294 2603 Cogunt
309 2538 370 2596 me,
384 2517 541 2604 Neptune,
555 2539 668 2604 preces
683 2517 878 2584 descendere
892 2521 924 2585 in
938 2541 1065 2586 omnes:

163 2620 273 2704 Quam
288 2641 347 2686 nec
363 2620 457 2709 longa
471 2622 551 2702 dies,
566 2623 667 2708 pietas
682 2644 741 2688 nec
757 2626 879 2710 mitigat
892 2621 976 2704 ulla;

164 2723 239 2789 Nec
253 2723 345 2790 Jovis
360 2723 494 2810 imperio
509 2725 622 2790 latisve
637 2726 770 2790 infracta
785 2725 928 2810 quiescit.

162 2825 242 2891 Non
256 2825 364 2892 media
378 2825 419 2892 de
434 2839 526 2912 gente
542 2826 702 2914 Phrygum
719 2827 864 2894 exedisse
878 2828 1022 2894 nefandis
1153 2836 1214 2896 785

167 2928 295 2995 Urbem
310 2929 393 2994 odiis
407 2931 484 2996 satis
498 2943 628 3011 estnec
643 2953 768 3018 poenam
784 2945 873 3000 traxe
891 2953 949 3019 per
962 2955 1086 3000 omnem

164 3029 356 3117 Reliquias,
377 3033 484 3120 Trojre
495 3033 618 3100 cineres
633 3048 727 3120 atque
741 3057 813 3102 ossa
827 3051 999 3124 peremptas

165 3137 369 3221 insequitur:
391 3157 504 3202 causas
519 3139 597 3204 tanti
611 3142 691 3204 sciat
705 3139 760 3205 illa
773 3141 899 3206 furoris.

164 3239 242 3326 lpse
256 3239 335 3304 mihi
350 3261 451 3325 nuper
464 3240 600 3327 Libycis
614 3255 648 3307 tu
662 3247 749 3308 testis
764 3244 795 3308 in
810 3241 903 3308 undis

161 3345 273 3426 Quam
289 3343 404 3408 molem
419 3343 524 3409 subitd
538 3345 687 3412 excierit:
711 3349 813 3412 maria
827 3350 933 3414 omnia
947 3348 1028 3416 coelo
1149 3355 1211 3416 790

161 3447 306 3528 Miscmt,
322 3446 434 3514 AEloliis
448 3448 662 3535 nequidquam
676 3451 758 3516 freta
772 3449 937 3535 procellis:

161 3549 202 3615 In
219 3549 324 3636 regnis
339 3548 400 3614 boc
414 3571 492 3616 ausa
507 3554 578 3618 tuis.

163 3653 233 3719 Per
246 3652 349 3718 scelus
363 3676 441 3720 ecce
457 3655 551 3722 etiam
565 3656 713 3745 Trojanis
726 3657 879 3724 matribus
893 3659 972 3724 actis

161 3754 300 3822 Exussit
313 3753 399 3820 toeds
414 3777 546 3844 puppes,
561 3771 593 3824 et
606 3741 709 3826 classe
724 3759 848 3845 subegit

162 3859 296 3926 Amissa
311 3863 415 3924 socios
430 3863 543 3948 ignotae
558 3860 701 3948 linquere
719 3875 820 3928 terre.
1154 3871 1213 3948 tas

159 3959 262 4046 Quod
278 3975 430 4047 superest,
444 3984 512 4042 oro,
527 3960 620 4030 liceat
634 3963 714 4030 dare
728 3976 794 4030 tuta
809 3987 867 4051 per
880 3965 981 4032 undas

164 4063 256 4130 Vela
271 4063 351 4148 tibi3
372 4063 467 4133 liceat
481 4064 674 4134 Laurentem
689 4070 844 4154 attingere
857 4067 1017 4156 Tybrim5
