2928 5002
200 405 236 462 tr
539 406 719 472 BUCOLIG.
758 409 843 472 ech
863 409 911 470 tv.

235 563 419 656 incultisque
434 571 545 637 rubens
556 575 701 658 pendebit
716 576 849 642 sentibus
862 599 930 657 uve,

165 721 170 734 .
239 671 282 738 Et
296 675 376 740 dure
393 698 523 760 quercus
538 677 689 743 sudabunt
704 681 823 744 roscida
839 683 942 748 melle.

237 777 343 844 Peuce
358 797 459 847 tumen
474 783 618 848 suberunt
633 786 741 868 prisce
755 789 881 872 vestigia
895 786 1019 866 fraudis,

237 884 315 958 Que
331 899 447 950 tentare
463 885 587 952 Thetim
604 889 727 967 retibus,
744 912 809 974 que
822 893 944 974 cingere
961 894 1054 956 muris

237 989 371 1076 Oppida,
388 1014 453 1076 quae
464 993 591 1079 jubeant
606 993 704 1057 telluri
719 995 866 1060 infindere
882 997 984 1060 sulcos
999 1020 1007 1059 ε

236 1095 323 1159 Alter
334 1098 391 1160 erit
405 1113 469 1161 tum
484 1099 613 1182 Tiphys,
630 1116 661 1163 et
677 1101 769 1164 altere
786 1122 852 1183 que
868 1103 960 1164 vehat
975 1103 1060 1184 Argo

236 1200 384 1266 Deiectos
399 1203 529 1266 herous:
552 1217 640 1264 erunt
655 1204 746 1265 etiam
762 1205 856 1266 altere
872 1203 963 1282 belle,

235 1309 338 1391 Atque
353 1309 461 1370 iterum
477 1307 516 1370 ed
532 1303 658 1390 Trojum
674 1325 801 1388 magnus
818 1308 951 1369 mittetur
967 1307 1114 1373 Achilles.

280 1409 373 1486 Hinc,
389 1411 439 1475 ubi
450 1411 515 1496 jem
530 1411 647 1474 firmata
662 1412 756 1474 virum
773 1423 804 1474 te
820 1410 928 1474 fecerit
943 1425 1025 1491 etus,

236 1515 339 1579 Cedet
354 1517 463 1601 etipse
479 1517 555 1580 meri
571 1531 685 1593 vector,
701 1535 759 1579 nec
776 1517 896 1579 nautica
911 1517 1001 1600 pinus

235 1618 366 1684 Mutabit
381 1639 500 1685 merces
516 1642 526 1700 ;
548 1621 646 1684 omnis
661 1618 740 1684 ieret
755 1621 855 1684 omnin
871 1622 984 1684 tellusr

234 1725 305 1790 Non
322 1724 432 1791 rastros
446 1729 576 1811 patietur
590 1727 711 1804 humus,
726 1747 786 1790 oon
802 1728 890 1791 vinee
902 1726 1034 1806 faicem3

236 1829 393 1895 Robustus
409 1853 528 1917 quoque
538 1832 604 1919 jum
620 1833 712 1897 muris
722 1833 798 1918 juge
813 1833 909 1897 solvet
924 1847 1044 1898 aratore

235 1933 306 2000 Nec
321 1939 419 2000 varios
434 1937 531 2002 discet
545 1937 662 2001 mentiri
679 1937 747 2001 lane
765 1937 906 2018 colores;

233 2039 304 2125 lpse
321 2041 375 2104 sed
390 2039 419 2104 iu
435 2041 528 2125 pratis
543 2042 621 2105 aries
631 2041 696 2127 jam
713 2039 804 2105 snare
821 2039 941 2105 rubenti

233 2140 363 2222 Murice,
375 2145 439 2231 jam
456 2165 567 2209 croceo
582 2145 709 2208 mutabit
723 2145 836 2208 vellere
851 2145 938 2225 lut03

235 2248 350 2335 Sponte
366 2249 422 2314 suh
436 2251 553 2334 sandyx
568 2265 729 2335 pascentes
744 2251 851 2313 vestiet
866 2267 970 2332 ugnos.

275 2355 364 2420 Tulin
377 2355 477 2434 secie,
493 2357 554 2420 suis
570 2356 721 2433 dixerunt,
735 2355 857 2431 currite,
874 2353 948 2418 susis

233 2457 414 2524 Concordes
428 2461 524 2524 stabili
540 2460 669 2524 sutorum
681 2461 805 2522 numine
822 2455 942 2523 Parce.

275 2563 454 2649 Aggredere
470 2585 489 2628 o
505 2585 640 2650 magnos,
657 2564 755 2626 admit
764 2563 830 2648 jam
845 2576 975 2647 tempus,
987 2563 1128 2639 honores,

233 2665 315 2734 Cere
331 2668 423 2732 desim
438 2669 568 2744 soboles,
586 2687 727 2752 magnum
742 2666 827 2730 Jovis
843 2667 1087 2731 incrementum!

231 2771 367 2858 Adspice
383 2793 521 2837 convexo
537 2786 690 2834 uutnntem
706 2772 842 2852 pondere
858 2771 1016 2848 muudum,

231 2876 417 2962 Terraeque,
434 2890 606 2956 tractusque
623 2874 723 2951 muris,
739 2874 911 2958 coelumque
929 2873 1132 2959 profundum3

230 2984 378 3068 Adspice,
394 2995 519 3044 venturo
535 2979 671 3042 letentur
686 2992 718 3042 ut
734 2980 835 3044 omniu
851 2980 952 3044 seclo.

274 3089 305 3153 0
321 3088 392 3152 mihi
409 3100 469 3152 tem
485 3085 580 3169 longe
597 3099 717 3148 moneat
733 3105 802 3169 pers
818 3085 923 3148 ultima
938 3086 1017 3163 vite,

232 3193 361 3279 Spiritus
377 3205 418 3269 et,
434 3187 579 3275 quantum
591 3201 637 3252 sst
653 3190 709 3252 erit
723 3202 773 3252 tun
787 3189 890 3254 dicere
903 3188 983 3254 secte
997 3191 1006 3252 i

228 3297 299 3364 Non
315 3319 363 3363 me
379 3295 561 3361 cnrminibus
578 3295 678 3359 vincet
693 3315 751 3358 nec
766 3293 919 3359 Thracius
935 3291 1098 3378 Orpheus„
1209 3297 1249 3354 55

230 3403 301 3469 Nec
317 3401 434 3466 Linus:
457 3399 528 3464 huic
543 3413 640 3464 muter
655 3400 803 3485 quamvis,
814 3414 904 3486 utque
914 3399 1091 3484 huicpater,
1108 3395 1186 3462 adsit
1195 3419 1205 3476 3

231 3507 359 3595 Orphei,
376 3503 557 3588 Calliopen
580 3501 669 3580 Lino,
686 3502 833 3569 formosus
856 3505 989 3589 Apollo:

232 3613 299 3678 Pau
315 3614 406 3677 etiem
418 3607 553 3676 Arcadii
568 3629 688 3673 mecum
704 3612 728 3673 si
739 3611 845 3697 judice
861 3623 969 3688 certet,

231 3717 299 3782 Pan
314 3719 404 3782 etium
420 3711 555 3780 Arcadii
570 3714 652 3779 dicat
666 3735 699 3779 se
710 3715 817 3800 judice
830 3717 955 3780 victum.

274 3821 390 3908 Incipe,
405 3841 498 3907 parve
515 3841 599 3905 puer,
611 3820 671 3884 risu
684 3841 870 3904 cognoscere
886 3833 1034 3899 metrem3
1210 3823 1251 3883 60

231 3927 323 3994 Matri
337 3927 427 4010 longe
442 3927 552 3991 decem
567 3925 699 3990 tulerunt
714 3924 830 3990 fastidit
847 3945 989 3990 menses:

230 4035 346 4119 Incipe,
362 4053 454 4118 perne
469 4053 566 4116 puer:
589 4032 637 4095 cni
653 4052 713 4094 non
729 4031 822 4096 risere
837 4047 989 4116 parentes,

232 4140 303 4206 Nec
318 4140 395 4205 deus
409 4139 490 4204 hunc
502 4135 617 4217 mensi,
633 4136 693 4202 dee
707 4158 766 4204 nec
782 4139 902 4224 dignate
918 4133 1010 4202 cubili
1026 4147 1083 4200 est.
