2648 5288
549 774 662 837 uara
682 772 718 838 il.
810 774 813 779 '
891 828 895 836 .

140 927 182 994 Er
196 943 292 993 tutum
307 927 433 993 involvit
448 927 575 994 flammis
590 952 708 1012 nemus,
724 945 755 997 et
770 934 829 997 ruit
843 947 938 1000 stram

134 1036 186 1100 Ad
202 1037 315 1100 coelum
326 1033 418 1121 piceis
432 1057 551 1102 crassus
565 1036 693 1124 ealigine
709 1040 845 1121 nubem3

136 1138 310 1206 Prasertim
326 1142 351 1205 si
364 1155 530 1225 tempestas
543 1164 562 1207 a
577 1144 693 1207 vertioo
709 1143 789 1208 silvis

137 1243 286 1326 incubuit,
301 1247 510 1332 glomeratque
526 1247 626 1314 serens
642 1249 782 1314 incendia
796 1266 914 1316 ventus.

136 1348 206 1416 Hoc
223 1353 285 1428 ubi,
301 1372 362 1414 oon
378 1373 397 1415 a
412 1351 505 1435 stirpe
519 1353 631 1430 valent,
647 1374 794 1439 caesaque
809 1357 918 1420 reverti
1007 1382 1010 1387 ⁴

136 1454 277 1536 Possunt,
293 1470 385 1541 atque
401 1456 463 1521 imi
477 1458 591 1523 similes
602 1460 790 1525 revirescere
804 1459 906 1526 terrl:

137 1562 248 1627 Infelix
262 1574 384 1649 superat
395 1562 473 1628 loliis
488 1565 619 1630 oleaster
634 1568 756 1631 amaris.

183 1667 250 1730 Nec
264 1668 316 1732 tibi
328 1682 391 1732 tam
401 1668 535 1754 prudens
550 1670 709 1756 quisquam
724 1674 908 1757 persuadeat
923 1687 1029 1741 auctor

136 1771 292 1836 Tellurem
310 1773 413 1837 Burei
427 1775 555 1859 rigidam
571 1776 703 1861 spirante
720 1780 857 1843 moveri:

135 1877 220 1941 Rura
236 1880 305 1960 gelu
321 1895 385 1943 tum
401 1879 515 1943 claudit
529 1880 638 1959 hiems,
654 1903 711 1946 nec
727 1884 842 1947 semine
853 1883 938 1970 jaoto

135 1979 321 2047 concretam
336 1985 447 2069 patitur
463 1985 598 2050 radicem
614 1986 738 2072 affigere
753 1999 851 2052 terre.

133 2086 256 2172 Optima
272 2089 382 2153 vinetis
396 2090 484 2167 sado,
501 2110 593 2174 quum
610 2110 682 2154 vere
699 2092 817 2155 rubenti

131 2191 276 2256 Candida
292 2193 375 2257 venit
390 2194 454 2259 avis
468 2192 565 2278 longis
580 2194 675 2258 larisa
689 2195 843 2275 colubris3

133 2296 237 2362 Prima
252 2298 302 2362 rel
319 2299 453 2362 autumni
470 2298 525 2361 sub
541 2297 662 2382 frigora,
679 2320 772 2384 quum
788 2300 912 2384 rapidus
932 2299 988 2364 Sol

133 2403 277 2468 Nondum
295 2405 429 2469 hiemem
445 2404 590 2490 confingit
602 2405 698 2490 equis,
709 2404 775 2492 jam
791 2408 922 2490 preterit
937 2423 1033 2473 enas.

174 2506 239 2573 Ver
254 2507 334 2572 adei>
349 2508 448 2574 stondi
463 2529 634 2587 nemorum,
650 2491 792 2574 ver-utile
808 2510 912 2576 silvisr

133 2611 214 2678 Vere
229 2629 348 2678 tument
362 2629 462 2691 terra,
478 2630 510 2680 et
524 2614 667 2700 genitalia
682 2616 799 2681 semina
813 2629 963 2701 poscunt:

130 2718 214 2785 Tum
231 2735 317 2805 pater
331 2720 522 2806 omnipotens
538 2718 688 2785 ioecundis
703 2719 849 2784 imbribus
864 2720 973 2785 AEthet

136 2822 279 2911 Conjugis
295 2825 326 2887 in
342 2826 489 2908 gremium
506 2827 580 2889 latae
597 2824 769 2900 deseendit,
786 2837 818 2886 et
832 2846 939 2888 omnes

134 2929 263 3014 Magnus
276 2930 340 3006 alit,
359 2951 467 3014 magno
482 2932 667 2995 commixtus
683 2949 824 3014 corpore,
840 2928 954 2992 soetus:

133 3036 210 3099 Atia
226 3051 288 3098 tum
304 3049 446 3099 resonant
460 3035 564 3099 avibus
579 3032 706 3118 virgulta
721 3034 851 3110 canoris,

130 3140 175 3205 Et
186 3139 340 3206 Venerem
356 3143 448 3206 certis
462 3155 604 3227 repetunt
618 3154 755 3204 armenta
771 3139 896 3202 diebus:

128 3245 265 3310 Parturir
281 3247 378 3310 almus
393 3268 486 3331 ager:
510 3245 698 3330 zephyrique
713 3245 886 3328 tepentibus
900 3246 982 3309 auris
1108 3332 1111 3337 Ι

130 3348 254 3415 Laxant
268 3354 459 3442 magnus·
482 3365 606 3438 superat
620 3365 706 3415 tener
721 3350 861 3415 omnibus
876 3353 1005 3432 humor3

128 3455 227 3540 loque
243 3479 337 3521 novos
351 3449 444 3521 sole?
447 3456 561 3521 audent
575 3477 609 3520 se
625 3457 760 3540 gramina
775 3455 840 3520 tutb
942 3465 999 3503 s

129 3562 272 3657 Credere
285 3585 296 3644 3
317 3584 376 3628 nec
392 3564 498 3627 memit
513 3577 671 3648 surgentes
686 3563 846 3646 pampinus
861 3576 987 3637 austros,

128 3670 195 3731 Aut
210 3684 312 3732 aetum
328 3668 409 3733 coelo
425 3671 541 3753 magnis
556 3668 746 3753 aquilonibus
761 3667 888 3731 imbrem
901 3692 912 3748 3

130 3773 197 3838 Sed
213 3776 307 3838 trudit
321 3794 470 3859 gemmas,
487 3787 517 3839 et
533 3773 655 3838 frondes
671 3773 804 3857 explicat
818 3793 935 3837 omnes.

175 3879 247 3943 Non
263 3879 338 3944 alios
353 3877 451 3967 primt
466 3880 632 3944 crescentis
647 3880 763 3963 origine
780 3878 885 3943 mundi

129 3982 270 4048 illuxisse
287 3984 364 4061 dies,
381 3984 511 4048 aliumve
527 3984 668 4049 habuisse
684 3999 834 4059 tenorem,

129 4087 327 4154 Crediderim
342 4112 351 4152 ε
372 4111 427 4152 rer
442 4089 515 4153 illud
531 4103 607 4166 erat,
623 4109 678 4151 ver
693 4108 821 4172 magnus
836 4086 945 4171 agebat

129 4193 234 4272 Orbis,
250 4211 282 4258 et
296 4195 430 4258 hibernis
445 4168 745 4280 peroebanfllatibus
761 4190 848 4270 Euri,

127 4268 246 4374 Quum
254 4301 356 4385 prime
372 4300 472 4364 lucem
489 4302 625 4387 pecudes
641 4299 781 4378 hausere,
798 4296 955 4384 virllnrqua

129 4402 249 4469 Ferrea
265 4408 425 4490 pmgenies
440 4407 522 4472 (luris
538 4421 631 4494 caput
646 4407 752 4471 extulit
768 4405 856 4484 arvis,

127 4511 337 4597 Immissequs
353 4513 424 4580 sere
440 4515 531 4592 silvis,
547 4531 579 4580 et
594 4515 694 4580 sidera
709 4512 800 4581 ooelo.
