2648 5288
512 838 629 900 LIBER
648 830 683 899 V.

103 997 238 1063 Tutatur
251 994 342 1061 saror
356 992 542 1083 Euryalum,
558 995 771 1084 lacrymaeque
785 992 922 1078 decorae,

109 1098 233 1163 Gratior
246 1110 276 1163 et
289 1096 425 1184 pulchro
439 1101 567 1163 veniens
582 1102 615 1164 in
629 1121 763 1185 corpore
778 1102 887 1164 virtus.

115 1200 250 1288 Adjuvat,
264 1216 295 1268 et
309 1203 424 1289 magua
437 1200 612 1289 proclamat
627 1223 706 1269 voce
721 1202 847 1286 Diores,
1075 1207 1145 1269 ³4⁵·

118 1302 170 1383 Qui
183 1305 272 1370 subiit
286 1304 412 1393 palmae,
426 1306 604 1391 frustraque
618 1304 659 1371 ad
674 1308 806 1392 praemia
821 1308 907 1370 venit

121 1400 235 1489 Ultima,
247 1409 272 1473 si
286 1411 381 1496 primi
397 1407 483 1474 Salio
497 1407 670 1474 redduntur
685 1408 851 1481 honores}

124 1502 194 1573 Duo
206 1517 289 1597 pater
304 1510 440 1576 AEmeas:
463 1509 590 1591 Vestra,
605 1513 717 1597 inquit,
730 1531 860 1575 munera
875 1510 966 1575 vobis

128 1602 209 1675 Certa
220 1629 351 1694 manent,
365 1617 456 1701 pueri
471 1640 480 1694 3
502 1628 533 1679 et
547 1613 685 1700 palmam
699 1626 804 1678 movet
817 1611 929 1677 ordine
943 1634 1056 1679 nemo:

128 1704 172 1773 lle
183 1712 266 1782 liceat
276 1740 370 1783 casus
384 1718 529 1782 miserari
543 1720 674 1782 insontis
688 1717 793 1782 amici.
1077 1722 1139 1782 350

130 1807 172 1875 Sit
184 1817 260 1901 uus,
273 1836 395 1907 tergum
408 1820 523 1885 Gaetuli
538 1823 673 1886 immane
688 1819 788 1886 leonis

129 1906 184 1982 Dat
194 1923 276 2005 Salio,
290 1924 374 1989 villis
388 1946 554 1989 onerosum
570 1938 664 2009 atque
678 1923 833 2011 unguibus
852 1923 967 1988 aureis.

128 2008 186 2085 flio
196 2022 295 2091 Nisusz
319 2028 354 2092 Si
369 2040 464 2107 tanta,
479 2027 589 2112 inquit,
603 2041 674 2091 sunt
687 2027 818 2113 praemia
832 2027 934 2107 victis,

125 2110 163 2182 Ei
177 2128 359 2216 teiapsorum
373 2131 517 2210 miseret,
539 2151 609 2215 quoe
624 2151 755 2197 munera
769 2130 847 2195 Niso

121 2210 214 2315 Digna
224 2232 323 2313 dabis,
337 2234 469 2319 primam
484 2234 584 2298 merui
599 2233 652 2318 qui
666 2230 760 2298 laude
775 2254 935 2314 coronam,
1076 2238 1137 2299 3⁵5

65 2380 68 2385 -
120 2312 165 2389 Ni
177 2353 223 2417 me,
234 2358 302 2423 quar
317 2336 446 2415 Salium,
460 2337 584 2401 fortuna
600 2336 725 2400 inimica
740 2335 882 2401 tulisset?

120 2414 163 2493 Et
176 2439 248 2505 suut
261 2441 311 2506 his
324 2439 417 2505 dictis
431 2441 545 2505 faciem
560 2440 747 2520 ostentabat,
762 2453 793 2503 et
807 2438 870 2504 udo

118 2519 225 2627 Turpia
237 2545 378 2610 membra
393 2543 476 2608 iimo.
521 2541 604 2607 Risit
617 2555 708 2629 pater
723 2544 857 2628 optimus
871 2540 935 2623 olii,

118 2620 163 2700 Et
174 2642 302 2735 clypeum
316 2646 422 2713 efferri
432 2647 534 2734 jussit,
547 2645 759 2733 Didymaonis
769 2656 867 2727 artes,

120 2728 238 2832 liepmi
251 2774 341 2816 sacro
355 2751 478 2816 Danais
492 2750 533 2815 de
548 2762 636 2836 posto
651 2749 795 2815 refixum.
1073 2754 1137 2813 360

123 2834 187 2915 Hoc
193 2855 331 2940 juvenem
346 2854 503 2941 egregium
518 2853 675 2939 prestanti
689 2874 817 2917 munere
832 2848 939 2915 donat.

163 2950 225 3037 Ptist,
237 2959 292 3022 ubi
306 2956 442 3021 coniecti
455 2978 574 3035 cursus,
588 2968 620 3019 et
635 2953 719 3018 dona
733 2955 870 3040 peregit:

131 3040 240 3139 iussi
253 3063 306 3124 cui
320 3062 419 3123 virtus
433 3061 614 3143 animusque
630 3061 662 3121 in
676 3070 805 3142 pectore
823 3075 972 3141 praesens,

135 3154 205 3244 tuit,
215 3177 245 3229 et
257 3164 389 3229 evinctis
403 3163 523 3229 attollat
537 3162 670 3226 brachia
685 3159 839 3246 palmisaf

133 3250 230 3347 dicein
250 3280 281 3331 et
293 3266 449 3354 geminum
463 3287 574 3352 pugnae
589 3265 733 3351 proponit
748 3263 918 3328 honorem:
1072 3264 1134 3331 365

134 3354 224 3435 victuri
236 3370 372 3436 velatum
386 3390 463 3436 auro
478 3373 626 3454 vittisque
635 3370 805 3455 juvencum
817 3393 826 3448 ;

131 3462 225 3557 ΫΜ,
237 3490 330 3562 atque
345 3479 497 3563 insignem
510 3475 643 3562 galeam,
655 3471 769 3538 solatia
783 3476 877 3539 victo.

129 3568 180 3639 litt
189 3600 288 3661 utura3
310 3576 458 3645 eontinud
473 3581 570 3642 vastis
583 3598 655 3641 cum
670 3575 788 3640 viribus
804 3573 894 3638 effert

125 3672 177 3743 οη
187 3680 292 3765 Dares,
306 3704 481 3769 magnoque
496 3682 597 3746 virtim
612 3702 646 3745 se
661 3700 817 3745 murmure
831 3677 929 3743 toltit:

121 3778 196 3849 Solus
207 3788 256 3873 qui
271 3785 418 3853 Paridem
433 3784 542 3853 solitus
555 3783 746 3850 contendere
761 3798 891 3863 contra3
1073 3785 1136 3845 370

114 3882 247 3973 idemque
261 3889 304 3955 ad
318 3889 469 3955 tumulum
483 3912 546 3975 quo
561 3888 715 3953 maximus
732 3885 868 3952 occubat
882 3885 1007 3951 Hector

114 3986 262 4057 Victorem
276 3993 380 4057 Buten
394 3993 521 4058 immani
535 4012 679 4076 corpore,
694 3993 747 4075 qui
763 4010 796 4053 se

108 4092 261 4181 Bebrycis
272 4098 405 4161 veniens
419 4095 535 4182 Amyci
548 4095 589 4160 de
603 4106 695 4180 gente
710 4092 844 4171 ferebat,

105 4196 247 4279 Perculit,
260 4212 292 4266 et
305 4199 392 4265 fulva
404 4197 625 4267 moribundum
639 4195 779 4262 extendit
793 4191 898 4259 areni.

98 4300 192 4369 ratis
204 4302 302 4389 prima
315 4302 420 4367 Dares
434 4314 530 4389 caput
544 4300 641 4367 altum
655 4303 688 4364 in
702 4297 815 4386 proelia
830 4295 926 4361 tollit:
1071 4299 1134 4359 875

97 4405 304 4492 Ostenditque
317 4406 464 4473 humeros
479 4404 570 4487 latos,
585 4404 767 4488 alternaque
777 4403 879 4489 jactat

95 4510 241 4585 flnctus
252 4509 452 4600 protendens,
466 4524 498 4578 et
511 4510 660 4578 verberat
674 4507 789 4574 ictibus
803 4524 907 4573 auras.
1007 4504 1018 4585 j

398 4620 440 4680 26
