2772 4998
214 453 273 510 298
659 443 854 508 AENEIDOS

265 607 414 672 Proteum
429 608 543 671 armati
558 603 726 686 incedunt3
748 623 827 689 quos
841 602 943 668 omnis
957 613 1068 668 euntes

267 709 440 776 Primorum
455 729 565 774 manus
579 708 621 773 ad
636 719 744 796 portas
755 707 967 794 juvenumque
981 725 1150 790 senumque

267 813 469 900 Prosequitur
484 815 584 877 votis:
608 833 666 878 nec
681 833 743 878 non
758 824 789 882 et
803 809 936 896 pulcher
951 808 1045 891 liilrrs,
1231 813 1283 870 sto

267 919 349 984 Ante
364 939 461 982 annos
477 919 676 1002 animumque
691 935 803 1004 gerens
818 933 990 1000 curamque
1005 913 1135 993 virilem,

268 1020 368 1086 Multa
382 1021 464 1108 patri
477 1020 633 1106 portanda
647 1019 745 1086 dabat
759 1017 907 1084 mandata
919 1043 929 1099 ς
951 1017 1006 1082 sed
1023 1039 1107 1084 aurea

267 1123 382 1188 Omnia
396 1122 587 1209 discerpunt,
602 1138 633 1187 et
647 1122 783 1188 nubibus
798 1122 886 1186 irrita
899 1120 1032 1190 donant.

311 1227 438 1314 Egressi
453 1240 600 1312 superant
614 1227 723 1305 fossas,
737 1225 900 1310 noctisque
914 1246 972 1311 per
986 1225 1128 1290 umbram

268 1329 382 1396 Castra
396 1330 523 1395 inimica
536 1343 654 1415 petunt,
668 1327 772 1394 multis
788 1339 892 1392 tamen
907 1329 981 1392 ante
996 1329 1090 1402 futuri
1237 1329 1288 1390 315

268 1434 386 1499 Exitio.
431 1433 549 1497 Passim
565 1453 674 1497 somno
689 1435 825 1517 vinoque
840 1453 898 1517 per
912 1431 1047 1497 herbam

271 1535 415 1622 Corpora
430 1536 499 1600 fusa
515 1535 641 1616 vldent3
664 1549 803 1602 arrectos
818 1534 921 1600 littore
935 1555 1057 1616 ourrus,

271 1637 354 1704 Inter
369 1639 435 1704 lora
450 1652 596 1724 rotasque
607 1643 710 1719 vir0s3
732 1638 823 1703 simul
838 1659 926 1704 arma
935 1640 1057 1726 jacere,

270 1743 357 1808 Vina
371 1742 474 1808 simul.
520 1743 609 1808 Prior
624 1742 822 1829 Hyrtacides
838 1745 883 1806 sic
894 1763 950 1806 ore
966 1741 1106 1806 locutus:

271 1845 420 1933 Euryale,
435 1844 613 1910 audendum
627 1845 760 1911 dextras
784 1867 864 1911 nunc
881 1849 951 1933 ipsa
965 1859 1059 1910 vocat
1072 1866 1134 1910 rea.
1242 1849 1295 1906 810

272 1949 345 2016 Hac
360 1954 421 2016 iter
435 1963 501 2018 est:
524 1963 566 2029 tu,
580 1971 620 2014 ne
636 1971 698 2035 qua
713 1969 822 2014 manus
836 1971 871 2014 se
886 1949 1030 2014 attollere
1045 1948 1133 2014 nohis

273 2057 301 2120 Α
317 2066 404 2141 tergo
418 2053 524 2140 possit,
539 2051 672 2132 custodi,
687 2064 719 2116 et
723 2051 861 2140 ,consule
869 2051 980 2147 longe.

274 2157 356 2222 Haee
373 2177 431 2242 ego
446 2169 534 2220 vasta
549 2153 644 2235 dabo,
659 2167 690 2220 et
705 2152 770 2220 la'to
784 2167 815 2219 te
831 2155 930 2220 limite
945 2154 1071 2220 ducam.

274 2261 326 2326 Sic
341 2272 502 2340 memorat,
516 2279 688 2344 vocemque
704 2261 838 2344 premit:
862 2257 953 2324 simul
969 2279 1045 2324 ense
1059 2257 1226 2346 superbum

275 2361 483 2428 Rhamnetem
499 2362 688 2450 aggreditur,
704 2365 757 2447 qui
772 2362 854 2428 forte
869 2363 1027 2449 tapetibus
1042 2361 1114 2427 altis
1246 2365 1300 2422 325

274 2467 459 2532 Exstructus
474 2479 538 2531 toto
552 2465 709 2552 proflabat
723 2478 851 2551 pectore
866 2487 1025 2544 somnum

275 2569 347 2636 Rex
362 2571 456 2650 idem,
471 2584 502 2636 et
516 2570 582 2658 regi
597 2569 706 2633 Turno
719 2570 913 2656 gratissimus
928 2591 1046 2657 augur:

275 2672 338 2738 Sed
353 2696 414 2738 non
430 2676 560 2759 augurio
575 2672 675 2760 potuit
688 2671 849 2758 depellere
863 2685 997 2758 pestem.

275 2777 356 2842 Tres
366 2776 458 2864 juxti
472 2763 604 2840 famulos
619 2775 736 2840 temere
752 2775 831 2840 inter
845 2773 907 2840 tela
918 2776 1072 2862 jacentes,

273 2879 533 2966 Armigerumque
549 2877 642 2943 Remi
657 2881 779 2964 premiq
799 2879 1003 2966 aurigamque
1018 2879 1078 2944 sub
1092 2882 1169 2967 ipsis
1251 2884 1304 2942 330

274 2982 394 3047 Nactus
409 2982 507 3066 equis,
522 2982 670 3066 ferroque
684 2995 771 3048 secat
784 2981 953 3068 pendentia
967 2981 1061 3050 colla.
1096 3043 1097 3046 ,

274 3087 356 3150 Τι1111
371 3099 464 3172 eaput
480 3087 538 3172 ipsi
553 3087 655 3152 aufert
669 3087 804 3170 domino,
819 3099 1026 3174 truncumque
1040 3090 1192 3178 relinquit

276 3191 431 3277 Sanguine
445 3189 681 3277 singultantem:
705 3206 775 3258 atro
789 3193 945 3278 tepefacta
960 3215 1075 3261 cruore

276 3293 377 3358 Terra
389 3297 510 3380 torique
522 3293 660 3360 madent.
685 3295 752 3360 Nec
764 3318 824 3360 non
837 3296 1086 3382 Lamyrumque,
1093 3299 1291 3384 Lamumque

276 3397 317 3461 Et
326 3397 474 3484 juvenem
491 3398 669 3478 Sarranum,
684 3395 737 3467 illa
752 3400 806 3482 qui
821 3397 956 3484 plurima
971 3415 1062 3465 noete
1108 3455 1112 3467 .
1254 3407 1309 3466 335

276 3499 420 3580 Luserat,
435 3500 563 3586 insignis
578 3499 670 3578 facie,
685 3499 843 3586 multoque
854 3501 984 3588 jacebat

276 3603 423 3668 Membra
438 3601 500 3666 deo
514 3602 633 3666 victus:
656 3600 734 3666 felix
749 3605 777 3666 si
791 3615 938 3687 protenus
953 3603 1040 3670 illum

276 3705 447 3792 AEqudsset
461 3709 545 3770 nocti
561 3704 679 3787 ludum,
690 3706 721 3772 in
737 3705 902 3792 lucemque
918 3707 1055 3774 tulisset!

278 3811 431 3896 impastus
446 3831 504 3874 ceu
519 3809 614 3895 plena
629 3809 678 3876 leo
693 3831 751 3896 per
764 3808 860 3876 ovilia
871 3812 1010 3894 turbans,

279 3911 396 3978 Suadet
411 3915 493 3977 enim
507 3934 624 3978 vesana
638 3914 748 3992 fames,
762 3913 945 4000 manditque
959 3915 1120 4002 trahitque
1264 3923 1317 3982 511

279 4013 376 4082 Molle
391 4037 498 4102 pecus,
513 4029 691 4103 mut-umque
707 4031 790 4082 metu
803 4044 812 4098 ς
834 4019 938 4085 fremit
952 4041 1007 4084 ore
1022 4035 1171 4088 cruento.

278 4119 345 4184 Nec
360 4121 461 4184 minor
476 4119 610 4207 Euryali
624 4121 747 4187 uades:
769 4125 916 4191 incensus
930 4137 962 4189 et
976 4127 1045 4210 ipsa
