2890 5002
219 421 274 484 nse
681 413 872 476 munos

260 566 439 652 Obstupuit,
453 574 602 650 retroque
614 559 730 648 pedem
743 583 816 628 oum
829 581 910 628 uoce
923 567 1086 650 repressit.

260 671 467 757 improvisum
481 671 584 754 aspris
598 667 695 732 veluti
710 669 765 754 qui
779 668 919 734 sentibus
934 687 1068 754 anguem

260 772 378 838 Pressit
392 771 477 836 humi
491 771 601 850 nitens,
615 769 819 855 trepidusque
832 769 963 856 repente
977 771 1092 859 refingit
1241 779 1305 838 880

259 875 462 941 Attollentem
477 876 552 953 iras,
566 885 597 937 et
612 870 729 937 cerula
745 871 828 937 colla
843 884 1029 938 tumentem:

261 976 360 1044 Haud
376 997 466 1042 secus
482 974 666 1061 Androgeus
681 978 750 1040 visu
765 976 966 1040 tremefactus
981 975 1106 1042 abibat.

260 1079 422 1160 irruimus,
438 1079 545 1144 densis
561 1091 592 1142 et
606 1077 891 1175 circumftmdimnr
902 1080 1018 1159 ermis3

259 1180 452 1270 ignarosque
466 1181 529 1247 loci
543 1184 662 1267 passim
677 1193 709 1246 et
722 1181 890 1246 formidine
904 1193 1016 1266 captos

217 1365 228 1384 ⁹
259 1287 451 1352 sternimus:
474 1283 617 1370 arispirat
631 1285 733 1369 primo
748 1283 873 1350 fortune
888 1283 1004 1350 labori.
1241 1287 1303 1347 ³8⁵

259 1390 364 1472 Atque
379 1387 432 1452 hic
448 1407 595 1454 successu
607 1384 768 1450 exsultans
783 1389 958 1472 animisque
973 1384 1143 1466 Coroebus,
1207 1421 1212 1432 ·

262 1490 292 1557 Ο
307 1493 396 1570 socii,
412 1489 474 1576 qni
488 1493 601 1575 primm
615 1492 728 1574 inquit,
741 1489 867 1556 formae
880 1489 992 1556 salutis

260 1593 418 1659 Monstrat
430 1595 501 1672 iter,
515 1592 640 1680 quique
655 1592 792 1658 ostendit
805 1615 840 1660 se
854 1593 980 1668 dextra,
994 1611 1176 1674 sequamur.

260 1695 417 1762 Mutemus
431 1695 576 1782 clypeos,
589 1696 799 1782 Danaumque
815 1697 949 1781 insignia
963 1695 1058 1760 troiu’s

260 1801 431 1886 Aptemust
454 1797 555 1877 dolus,
569 1819 611 1862 an
623 1800 733 1876 virtus,
747 1803 818 1882 quis
833 1802 865 1860 in
880 1795 970 1860 hoste
984 1800 1171 1890 requirattq
1242 1805 1306 1864 890

260 1903 359 1968 Arma
374 1899 496 1966 dabunt
508 1901 579 1983 ipsi.
603 1899 656 1962 Sic
671 1898 764 1979 fatus,
777 1895 894 1964 deinde
908 1910 1087 1964 comentem

260 2003 421 2091 Androgei
432 2001 554 2088 galeam
569 2000 740 2087 clypeique
754 2003 876 2088 insigne
890 1999 1041 2066 decorum

248 2103 583 2189 „induiturplatetique
597 2105 753 2190 Argivum
766 2101 987 2170 accommodat
1002 2125 1120 2171 ensem

261 2209 337 2276 Hoc
353 2209 506 2306 Rhipeus,
520 2207 665 2292 hocqipse
674 2205 815 2293 Dymas
828 2207 990 2294 omnisque
1000 2209 1150 2296 juventus

260 2312 350 2380 beta
366 2313 452 2392 iacit,
466 2309 575 2397 spoliis
589 2331 624 2376 se
640 2310 771 2396 quisque
785 2311 966 2378 recentibus
977 2325 1091 2378 armat.

261 2420 418 2488 Vadimus
433 2422 567 2486 immixti
582 2417 713 2500 Danais,
728 2418 813 2486 baud
828 2423 954 2488 nomine
966 2434 1092 2501 nostran

261 2524 426 2612 Multaque
440 2545 500 2611 per
512 2543 632 2590 eneam
646 2527 807 2611 congressi
823 2521 936 2610 prolia
951 2537 1076 2590 noctem

261 2627 484 2707 Conserimus3
506 2625 618 2694 multos
632 2625 781 2692 Deoaiim
795 2625 986 2694 demittimus
994 2627 1099 2718 ,Or-oo·

261 2729 436 2820 Diffugiunt
450 2729 505 2796 aiii
520 2729 562 2796 ad
577 2749 685 2810 nares,
699 2743 731 2795 et
745 2727 954 2798 littoracursu

262 2832 344 2900 Fida
358 2843 484 2918 petunt3
504 2852 580 2914 pars
594 2835 751 2916 ingentem
762 2831 929 2898 formidine
943 2835 1026 2918 torpi

262 2933 425 2999 Scandunt
437 2951 545 2994 rursus
560 2950 685 3015 equum,
699 2945 731 2994 et
745 2931 819 2996 noti
832 2932 1009 3000 conduntur
1022 2937 1055 3000 io
1070 2933 1154 3004 airo-

262 3035 355 3102 Heu!
378 3029 454 3098 nihil
469 3030 574 3094 invitis
588 3030 637 3096 ias
648 3053 838 3118 quemquam
851 3033 951 3102 fidere
966 3035 1061 3102 diris.

305 3136 392 3200 Ecce
407 3131 592 3200 trahebatur
606 3137 708 3220 passis
725 3136 882 3204 Priameia
895 3143 985 3227 virgo

263 3237 414 3305 Crinibus
430 3259 448 3302 a
463 3237 580 3324 templo
595 3238 777 3306 Cassandra
791 3244 961 3331 adytisque
976 3246 1141 3328 Minervas,

263 3341 315 3410 Ad
329 3339 443 3408 etelom
457 3339 589 3408 teud'ens
603 3341 749 3410 ardentia
763 3343 879 3412 lumina
893 3347 1028 3429 staron

264 3445 409 3524 Lumina,
423 3465 496 3510 nam
511 3456 636 3510 teneras
650 3448 801 3514 arcebant
816 3449 941 3516 vmoula
958 3450 1091 3537 polmus.

264 3547 336 3613 Non
351 3547 419 3612 tulit
434 3547 517 3612 hanc
531 3553 671 3634 speciem
685 3549 800 3616 ftrriatti
813 3566 916 3618 mente
931 3553 1097 3637 Coroebus,

264 3651 305 3716 Et
320 3672 388 3714 sese
402 3649 540 3716 medium
554 3653 879 3743 injeeiqperiturusin
894 3677 1018 3744 agmen.

264 3752 495 3839 Consequimur
508 3759 623 3836 cuncti,
637 3769 670 3822 et
683 3755 790 3824 densis
805 3763 994 3828 incurrimus
1009 3765 1118 3830 armis·

264 3858 333 3926 tite
347 3855 480 3944 primirm
495 3881 536 3924 ex
552 3859 616 3924 alto
630 3859 754 3928 delubri
769 3861 904 3930 culmine
920 3865 991 3932 telis

265 3961 449 4030 Nostrorum
463 3962 635 4045 obruimur,
649 3968 811 4052 oriturque
825 3971 1003 4036 miserrima
1017 3967 1128 4052 eudes,

265 4070 432 4136 Armorum
446 4067 530 4134 facie
543 4081 575 4136 et
588 4069 758 4141 Graiorum
772 4093 881 4140 errore
891 4075 1051 4161 jubarum.
