2648 5288
551 786 667 849 nmen
685 786 735 849 xi.

116 935 257 1028 Larga
270 935 409 1026 quidem,
421 936 563 1019 Drance,
576 959 701 1025 semper
714 939 772 1004 tibi
785 943 878 1027 copia
892 940 990 1023 fandi,

114 1037 226 1106 rum
249 1062 345 1128 quum
357 1038 443 1106 bella
456 1061 567 1107 manus
581 1051 730 1125 poscunt3
751 1043 955 1128 patribusque
969 1043 1088 1108 vocatis

111 1139 273 1211 Primus
287 1143 377 1210 ades.
419 1140 483 1208 Sed
498 1164 560 1207 non
574 1141 726 1227 replenda
741 1157 788 1207 est
800 1147 888 1209 curia
903 1146 1017 1226 verbis,
1124 1153 1187 1212 380

108 1239 219 1323 Quae
245 1245 311 1313 tutd
325 1245 384 1310 tibi
398 1265 510 1331 magna
524 1242 631 1308 volant
644 1243 719 1309 dom
733 1245 858 1310 distinet
873 1246 993 1312 hostem
1048 1265 1053 1276 ’

107 1344 257 1434 Agger
270 1369 438 1427 murorum,
452 1367 511 1411 nec
526 1345 676 1411 inundant
688 1349 836 1434 sangnine
852 1349 953 1413 sossae.

108 1443 288 1519 Proinde
303 1463 376 1516 tona
391 1449 526 1535 eloquio,
541 1447 665 1513 solitum
682 1448 757 1528 tibi;
779 1471 890 1535 meque
906 1453 1025 1515 timoris

105 1548 256 1638 Argue
272 1569 314 1635 to,
327 1553 467 1632 Drance,
481 1551 606 1638 quando
622 1565 666 1616 tot
680 1554 792 1639 stragis
808 1575 939 1618 acervos

105 1646 346 1722 Teucrorum
360 1670 414 1721 toa
428 1655 540 1720 dextra
554 1652 651 1733 dedit,
665 1655 841 1740 passimque
857 1658 981 1741 tropaeis
1123 1664 1186 1723 ³85

107 1748 279 1844 Insignis
294 1781 398 1848 agros.
443 1759 545 1823 Possit
559 1757 634 1843 quid
651 1757 756 1823 vivida
772 1761 868 1822 virtus

108 1850 327 1944 Experiere
343 1862 435 1927 licet:
459 1882 517 1926 nic
532 1860 624 1946 longe
638 1859 756 1924 scilicet
771 1858 875 1925 hostes

110 1949 320 2034 Quaerenti
336 1965 444 2042 nobis;
465 1963 664 2026 circumstant
680 1960 814 2047 undique
830 1985 945 2027 moros.
965 2000 975 2004 -

112 2052 232 2128 lmus
248 2071 279 2133 in
293 2067 465 2132 adversos?
486 2063 569 2146 Quid
584 2069 710 2128 cessas?
732 2086 771 2128 an
787 2065 843 2129 tibi
859 2067 987 2130 Mavors

112 2150 292 2234 Ventura
305 2172 337 2235 in
352 2167 458 2254 linguai
470 2165 666 2252 pedibusque
680 2165 843 2252 fugacibus
858 2166 924 2231 istis
1122 2179 1184 2237 390

115 2252 281 2357 Semper
295 2275 379 2337 erit?

115 2353 261 2441 Pulsus
274 2377 351 2463 ego!
374 2386 428 2440 aut
442 2375 605 2461 quisquam
620 2372 741 2454 meriti),
756 2374 936 2457 foedissime,
949 2374 1072 2462 pulsum

115 2459 278 2559 Argiret,
293 2478 390 2544 iliaco
405 2477 556 2543 tumidum
570 2476 623 2562 qui
637 2497 781 2542 crescere
797 2478 933 2564 Tybrim

116 2559 314 2666 Sanguine,
329 2596 361 2647 et
376 2581 516 2647 Evandri
530 2594 627 2646 totam
641 2602 711 2645 cum
726 2581 821 2665 stirpe
837 2580 957 2646 videbit
1022 2619 1024 2627 ·

114 2658 355 2751 Procubunse
369 2685 504 2764 domum,
519 2698 613 2768 atque
628 2697 738 2748 exutos
752 2682 895 2747 Arcadas
910 2684 1025 2748 armis?
1120 2693 1182 2751 395

115 2758 250 2853 ¹¹aud
265 2792 306 2854 ita
321 2810 372 2853 me
387 2791 509 2873 experti
524 2787 622 2851 Bitias
637 2805 668 2850 et
683 2785 844 2851 Pandarus
859 2786 974 2870 ingens,

114 2857 168 2935 Et
188 2903 282 2972 quos
297 2889 380 2954 mille
394 2888 446 2954 die
460 2889 561 2952 victor
574 2888 632 2952 sub
648 2887 784 2951 Tartara
799 2887 878 2966 misi,

113 2959 288 3057 luclusus
302 2993 406 3072 muris,
420 2991 585 3076 hostilique
601 3012 716 3076 aggere
731 3002 847 3075 septus.

112 3059 244 3159 Nulla
258 3094 340 3160 salus
354 3093 455 3159 bello!
478 3093 585 3179 Capiti
601 3115 680 3158 cane
696 3093 771 3157 talia
786 3092 914 3158 demens

242 3199 311 3263 onio
325 3197 482 3282 rebusque
498 3197 567 3261 tuis.
589 3270 599 3281 κ
612 3195 746 3260 Proinde
761 3199 864 3262 omnia
880 3219 991 3285 magno
1119 3209 1181 3267 400

153 3303 182 3348 e
203 3318 301 3366 cessa
315 3301 443 3366 turbare
458 3315 552 3380 metu,
565 3315 658 3384 atque
674 3299 824 3365 extollere
841 3301 921 3366 vires

94 3372 258 3469 &ntis
272 3406 321 3470 bis
335 3403 558 3503 victaebcontra
572 3424 716 3489 premere
731 3425 819 3467 arma
834 3404 948 3469 Latini.
977 3452 980 3457 -

152 3506 241 3573 unc
252 3522 283 3572 et
293 3502 526 3595 Myrmidonum
538 3527 686 3591 proceres
699 3505 837 3591 Phrygia
850 3529 936 3571 arma
949 3509 1136 3589 tremiscunt,

110 3570 240 3676 Nunc
254 3624 284 3676 et
296 3609 450 3698 Tydides,
463 3621 496 3673 et
509 3607 681 3672 Larissaeus
695 3608 853 3672 Achilles:

108 3680 255 3777 A'luris
269 3725 302 3779 et
316 3709 496 3778 Hadriacas
510 3723 594 3774 retro
608 3708 684 3796 fugit
699 3708 829 3774 Aufidus
844 3710 953 3775 undas.
1119 3719 1179 3778 40⁵

109 3772 207 3870 Vq
228 3836 321 3901 quum
334 3836 369 3880 se
385 3812 534 3899 pavidum
548 3827 657 3876 contra
674 3833 743 3877 mea
753 3813 858 3899 jurgia
872 3813 959 3900 fingit

94 3882 284 3983 &niueis
297 3915 456 4015 scelusyet
468 3914 635 3981 formidine
649 3918 768 3979 crimen
785 3917 925 3980 acerbat.

148 4014 311 4106 ilnquaun
326 4021 461 4086 animam
475 4018 569 4084 talem
584 4016 695 4082 dextri
710 4018 781 4098 hoc,
796 4019 911 4083 absiste
926 4023 1054 4101 moveri,

201 4115 298 4204 'nes3
320 4121 442 4187 habitet
456 4134 569 4200 tecum,
583 4133 615 4184 et
629 4119 668 4184 sit
681 4134 809 4205 pectore
825 4122 854 4185 in
870 4122 939 4187 isto.

137 4298 150 4315 ⁸
164 4204 278 4291 Nunc
294 4226 335 4291 ad
350 4239 391 4306 te,
406 4237 437 4290 et
449 4238 503 4289 tua
517 4245 639 4310 magna,
653 4236 753 4308 pater,
766 4223 907 4287 consulta
923 4238 1073 4291 revertor.
1118 4233 1180 4291 410

105 4284 154 4417 S}
177 4326 309 4394 nullam
324 4327 436 4394 nostris
450 4325 531 4391 ultra
542 4348 630 4413 spem
646 4327 733 4411 ponis
748 4329 779 4388 in
795 4326 897 4404 arinis,

105 4390 156 4470 8¹
180 4432 259 4498 lam
272 4432 390 4500 deserti
405 4453 519 4511 sumus,
534 4441 565 4494 et
577 4428 676 4495 semei
692 4428 812 4513 agmine
826 4450 917 4494 verso
