<?xml version="1.0" encoding="UTF-8"?>
<!DOCTYPE html PUBLIC "-//W3C//DTD XHTML 1.0 Transitional//EN"
    "http://www.w3.org/TR/xhtml1/DTD/xhtml1-transitional.dtd">
<html xmlns="http://www.w3.org/1999/xhtml" xml:lang="en" lang="en">
 <head>
  <title>
</title>
<meta http-equiv="Content-Type" content="text/html;charset=utf-8" />
  <meta name='ocr-system' content='tesseract 3.04.00' />
  <meta name='ocr-capabilities' content='ocr_page ocr_carea ocr_par ocr_line ocrx_word'/>
</head>
<body>
  <div class='ocr_page' id='page_1' title='image "./bucolicageorgic00goulgoog/bucolicageorgic00goulgoog_0042.png"; bbox 0 0 2928 5002; ppageno 0'>
   <div class='ocr_carea' id='block_1_1' title="bbox 621 399 903 512">
    <p class='ocr_par' dir='ltr' id='par_1_1' title="bbox 621 399 903 512">
     <span class='ocr_line' id='line_1_1' title="bbox 621 399 903 512; baseline 0.011 -3"><span class='ocrx_word' id='word_1_1' title='bbox 621 399 903 512; x_wconf 77' lang='lat' dir='ltr'><strong>noconcontnt</strong></span> 
     </span>
    </p>
   </div>
   <div class='ocr_carea' id='block_1_2' title="bbox 277 597 1302 2984">
    <p class='ocr_par' dir='ltr' id='par_1_2' title="bbox 279 597 1302 790">
     <span class='ocr_line' id='line_1_2' title="bbox 280 597 1302 700; baseline 0 -38"><span class='ocrx_word' id='word_1_2' title='bbox 280 599 409 684; x_wconf 76' lang='lat' dir='ltr'><strong>Sparge,</strong></span> <span class='ocrx_word' id='word_1_3' title='bbox 426 602 543 680; x_wconf 84' lang='lat' dir='ltr'><strong>marite,</strong></span> <span class='ocrx_word' id='word_1_4' title='bbox 559 621 677 681; x_wconf 87' lang='lat' dir='ltr'><strong>nuces;</strong></span> <span class='ocrx_word' id='word_1_5' title='bbox 700 603 752 666; x_wconf 85' lang='lat' dir='ltr'><strong>tibi</strong></span> <span class='ocrx_word' id='word_1_6' title='bbox 764 603 878 666; x_wconf 83' lang='lat' dir='ltr'><strong>desciit</strong></span> <span class='ocrx_word' id='word_1_7' title='bbox 894 597 1054 683; x_wconf 77' lang='lat' dir='ltr'>Hesperus</span> <span class='ocrx_word' id='word_1_8' title='bbox 1068 597 1189 664; x_wconf 79' lang='lat' dir='ltr'><strong>OEtum.</strong></span> <span class='ocrx_word' id='word_1_9' title='bbox 1258 602 1302 700; x_wconf 59' lang='lat' dir='ltr'><strong>do</strong></span> 
     </span>
     <span class='ocr_line' id='line_1_3' title="bbox 279 703 1025 790; baseline -0.003 -22"><span class='ocrx_word' id='word_1_10' title='bbox 279 703 385 790; x_wconf 80' lang='lat' dir='ltr'><strong>Incipe</strong></span> <span class='ocrx_word' id='word_1_11' title='bbox 401 705 558 770; x_wconf 75' lang='lat' dir='ltr'><strong>Menolios</strong></span> <span class='ocrx_word' id='word_1_12' title='bbox 573 727 707 784; x_wconf 89' lang='lat' dir='ltr'><strong>mecum,</strong></span> <span class='ocrx_word' id='word_1_13' title='bbox 723 727 793 770; x_wconf 84' lang='lat' dir='ltr'><strong>mea</strong></span> <span class='ocrx_word' id='word_1_14' title='bbox 808 707 892 781; x_wconf 79' lang='lat' dir='ltr'><strong>tibin,</strong></span> <span class='ocrx_word' id='word_1_15' title='bbox 908 725 1025 770; x_wconf 73' lang='lat' dir='ltr'><strong>venus.</strong></span> 
     </span>
    </p>

    <p class='ocr_par' dir='ltr' id='par_1_3' title="bbox 280 809 1150 1312">
     <span class='ocr_line' id='line_1_4' title="bbox 323 809 1116 898; baseline 0.003 -26"><span class='ocrx_word' id='word_1_16' title='bbox 323 809 354 872; x_wconf 92' lang='grc' dir='ltr'>Ο</span> <span class='ocrx_word' id='word_1_17' title='bbox 369 810 460 895; x_wconf 85' lang='lat' dir='ltr'><strong>digno</strong></span> <span class='ocrx_word' id='word_1_18' title='bbox 476 812 640 898; x_wconf 81' lang='lat' dir='ltr'><strong>conjuncta</strong></span> <span class='ocrx_word' id='word_1_19' title='bbox 653 814 739 876; x_wconf 79' lang='lat' dir='ltr'><strong>viro!</strong></span> <span class='ocrx_word' id='word_1_20' title='bbox 761 813 835 876; x_wconf 87' lang='lat' dir='ltr'><strong>dum</strong></span> <span class='ocrx_word' id='word_1_21' title='bbox 851 809 984 896; x_wconf 73' lang='lat' dir='ltr'><strong>cespius</strong></span> <span class='ocrx_word' id='word_1_22' title='bbox 998 829 1116 887; x_wconf 86' lang='lat' dir='ltr'><strong>omnes,</strong></span> 
     </span>
     <span class='ocr_line' id='line_1_5' title="bbox 280 912 1150 1000; baseline 0.003 -23"><span class='ocrx_word' id='word_1_23' title='bbox 280 912 425 999; x_wconf 81' lang='lat' dir='ltr'><strong>Dumque</strong></span> <span class='ocrx_word' id='word_1_24' title='bbox 440 916 553 980; x_wconf 78' lang='lat' dir='ltr'><strong>tibi‘est</strong></span> <span class='ocrx_word' id='word_1_25' title='bbox 566 916 638 982; x_wconf 91' lang='lat' dir='ltr'><strong>odio</strong></span> <span class='ocrx_word' id='word_1_26' title='bbox 653 937 724 980; x_wconf 82' lang='lat' dir='ltr'><strong>mee</strong></span> <span class='ocrx_word' id='word_1_27' title='bbox 738 917 848 995; x_wconf 81' lang='lat' dir='ltr'><strong>fistule,</strong></span> <span class='ocrx_word' id='word_1_28' title='bbox 865 916 999 1000; x_wconf 89' lang='lat' dir='ltr'><strong>dumque</strong></span> <span class='ocrx_word' id='word_1_29' title='bbox 1014 914 1150 1000; x_wconf 75' lang='lat' dir='ltr'><strong>capelle,</strong></span> 
     </span>
     <span class='ocr_line' id='line_1_6' title="bbox 280 1012 1076 1105; baseline 0.004 -26"><span class='ocrx_word' id='word_1_30' title='bbox 280 1012 500 1104; x_wconf 85' lang='lat' dir='ltr'><strong>Hirsutumque</strong></span> <span class='ocrx_word' id='word_1_31' title='bbox 516 1020 722 1105; x_wconf 82' lang='lat' dir='ltr'><strong>supercilium,</strong></span> <span class='ocrx_word' id='word_1_32' title='bbox 739 1022 947 1105; x_wconf 77' lang='lat' dir='ltr'><strong>promissaque</strong></span> <span class='ocrx_word' id='word_1_33' title='bbox 958 1017 1076 1099; x_wconf 80' lang='lat' dir='ltr'><strong>berbe3</strong></span> 
     </span>
     <span class='ocr_line' id='line_1_7' title="bbox 282 1119 1078 1208; baseline 0.006 -26"><span class='ocrx_word' id='word_1_34' title='bbox 282 1119 352 1184; x_wconf 91' lang='lat' dir='ltr'><strong>Nec</strong></span> <span class='ocrx_word' id='word_1_35' title='bbox 368 1143 476 1188; x_wconf 85' lang='lat' dir='ltr'><strong>curare</strong></span> <span class='ocrx_word' id='word_1_36' title='bbox 493 1123 586 1188; x_wconf 86' lang='lat' dir='ltr'><strong>deiun</strong></span> <span class='ocrx_word' id='word_1_37' title='bbox 601 1125 703 1189; x_wconf 87' lang='lat' dir='ltr'><strong>credis</strong></span> <span class='ocrx_word' id='word_1_38' title='bbox 718 1127 855 1188; x_wconf 69' lang='lat' dir='ltr'><strong>nonalia</strong></span> <span class='ocrx_word' id='word_1_39' title='bbox 871 1126 1078 1208; x_wconf 73' lang='lat' dir='ltr'><strong>quemquem!</strong></span> 
     </span>
     <span class='ocr_line' id='line_1_8' title="bbox 281 1223 1023 1312; baseline 0.007 -23"><span class='ocrx_word' id='word_1_40' title='bbox 281 1223 385 1312; x_wconf 84' lang='lat' dir='ltr'><strong>Incipe</strong></span> <span class='ocrx_word' id='word_1_41' title='bbox 401 1229 559 1292; x_wconf 77' lang='lat' dir='ltr'><strong>Menalios</strong></span> <span class='ocrx_word' id='word_1_42' title='bbox 574 1247 709 1303; x_wconf 74' lang='lat' dir='ltr'><strong>mecum„</strong></span> <span class='ocrx_word' id='word_1_43' title='bbox 724 1247 793 1292; x_wconf 83' lang='lat' dir='ltr'><strong>mee</strong></span> <span class='ocrx_word' id='word_1_44' title='bbox 807 1227 891 1303; x_wconf 72' lang='lat' dir='ltr'><strong>tibin,</strong></span> <span class='ocrx_word' id='word_1_45' title='bbox 906 1247 1023 1294; x_wconf 76' lang='lat' dir='ltr'><strong>versus·</strong></span> 
     </span>
    </p>

    <p class='ocr_par' dir='ltr' id='par_1_4' title="bbox 325 1329 1045 1416">
     <span class='ocr_line' id='line_1_9' title="bbox 325 1329 1045 1416; baseline 0 -22"><span class='ocrx_word' id='word_1_46' title='bbox 325 1331 456 1416; x_wconf 88' lang='lat' dir='ltr'><strong>Sepibus</strong></span> <span class='ocrx_word' id='word_1_47' title='bbox 471 1331 501 1395; x_wconf 91' lang='lat' dir='ltr'><strong>io</strong></span> <span class='ocrx_word' id='word_1_48' title='bbox 517 1332 624 1396; x_wconf 85' lang='lat' dir='ltr'><strong>nostris</strong></span> <span class='ocrx_word' id='word_1_49' title='bbox 640 1348 764 1416; x_wconf 70' lang='lat' dir='ltr'><strong>possem</strong></span> <span class='ocrx_word' id='word_1_50' title='bbox 780 1343 810 1393; x_wconf 89' lang='lat' dir='ltr'><strong>te</strong></span> <span class='ocrx_word' id='word_1_51' title='bbox 822 1330 943 1395; x_wconf 82' lang='lat' dir='ltr'><strong>resoide</strong></span> <span class='ocrx_word' id='word_1_52' title='bbox 954 1329 1045 1408; x_wconf 75' lang='lat' dir='ltr'><strong>nule,</strong></span> 
     </span>
    </p>

    <p class='ocr_par' dir='ltr' id='par_1_5' title="bbox 277 1433 1118 1939">
     <span class='ocr_line' id='line_1_10' title="bbox 279 1433 1118 1518; baseline -0.002 -20"><span class='ocrx_word' id='word_1_53' title='bbox 279 1433 355 1498; x_wconf 83' lang='lat' dir='ltr'><strong>Dux</strong></span> <span class='ocrx_word' id='word_1_54' title='bbox 371 1457 428 1518; x_wconf 80' lang='lat' dir='ltr'><strong>ego</strong></span> <span class='ocrx_word' id='word_1_55' title='bbox 443 1448 543 1502; x_wconf 75' lang='lat' dir='ltr'><strong>nester</strong></span> <span class='ocrx_word' id='word_1_56' title='bbox 558 1455 654 1514; x_wconf 82' lang='lat' dir='ltr'><strong>erem,</strong></span> <span class='ocrx_word' id='word_1_57' title='bbox 669 1435 730 1500; x_wconf 84' lang='lat' dir='ltr'><strong>vidi</strong></span> <span class='ocrx_word' id='word_1_58' title='bbox 746 1457 820 1504; x_wconf 83' lang='lat' dir='ltr'><strong>curn</strong></span> <span class='ocrx_word' id='word_1_59' title='bbox 832 1448 934 1502; x_wconf 76' lang='lat' dir='ltr'><strong>mette</strong></span> <span class='ocrx_word' id='word_1_60' title='bbox 945 1434 1118 1518; x_wconf 65' lang='lat' dir='ltr'><strong>legentem</strong></span> 
     </span>
     <span class='ocr_line' id='line_1_11' title="bbox 279 1537 1087 1628; baseline 0.006 -28"><span class='ocrx_word' id='word_1_61' title='bbox 279 1537 366 1602; x_wconf 80' lang='lat' dir='ltr'><strong>Alter</strong></span> <span class='ocrx_word' id='word_1_62' title='bbox 381 1541 419 1604; x_wconf 85' lang='lat' dir='ltr'><strong>nb</strong></span> <span class='ocrx_word' id='word_1_63' title='bbox 436 1541 598 1607; x_wconf 87' lang='lat' dir='ltr'><strong>undecimo</strong></span> <span class='ocrx_word' id='word_1_64' title='bbox 611 1555 673 1606; x_wconf 85' lang='lat' dir='ltr'><strong>nun</strong></span> <span class='ocrx_word' id='word_1_65' title='bbox 690 1563 739 1607; x_wconf 83' lang='lat' dir='ltr'><strong>tue</strong></span> <span class='ocrx_word' id='word_1_66' title='bbox 750 1542 816 1628; x_wconf 80' lang='lat' dir='ltr'><strong>jem</strong></span> <span class='ocrx_word' id='word_1_67' title='bbox 831 1553 957 1626; x_wconf 79' lang='lat' dir='ltr'><strong>cuperet</strong></span> <span class='ocrx_word' id='word_1_68' title='bbox 973 1559 1087 1619; x_wconf 60' lang='lat' dir='ltr'><strong>tunm</strong></span> 
     </span>
     <span class='ocr_line' id='line_1_12' title="bbox 277 1642 1096 1734; baseline 0.011 -28"><span class='ocrx_word' id='word_1_69' title='bbox 277 1642 348 1707; x_wconf 83' lang='lat' dir='ltr'><strong>Jem</strong></span> <span class='ocrx_word' id='word_1_70' title='bbox 364 1642 485 1730; x_wconf 76' lang='lat' dir='ltr'><strong>fragiles</strong></span> <span class='ocrx_word' id='word_1_71' title='bbox 500 1663 637 1734; x_wconf 80' lang='lat' dir='ltr'><strong>poteram</strong></span> <span class='ocrx_word' id='word_1_72' title='bbox 652 1669 670 1712; x_wconf 83' lang='lat' dir='ltr'><strong>s</strong></span> <span class='ocrx_word' id='word_1_73' title='bbox 686 1646 768 1713; x_wconf 79' lang='lat' dir='ltr'><strong>tersit</strong></span> <span class='ocrx_word' id='word_1_74' title='bbox 781 1648 957 1731; x_wconf 61' lang='lat' dir='ltr'><strong>contiscere</strong></span> <span class='ocrx_word' id='word_1_75' title='bbox 973 1665 1096 1714; x_wconf 75' lang='lat' dir='ltr'><strong>remos:</strong></span> 
     </span>
     <span class='ocr_line' id='line_1_13' title="bbox 279 1747 1042 1838; baseline 0.001 -25"><span class='ocrx_word' id='word_1_76' title='bbox 279 1747 324 1813; x_wconf 92' lang='lat' dir='ltr'><strong>Ut</strong></span> <span class='ocrx_word' id='word_1_77' title='bbox 338 1749 412 1828; x_wconf 84' lang='lat' dir='ltr'><strong>vidi,</strong></span> <span class='ocrx_word' id='word_1_78' title='bbox 423 1767 455 1816; x_wconf 89' lang='lat' dir='ltr'><strong>ut</strong></span> <span class='ocrx_word' id='word_1_79' title='bbox 470 1754 561 1838; x_wconf 84' lang='lat' dir='ltr'><strong>perii,</strong></span> <span class='ocrx_word' id='word_1_80' title='bbox 573 1765 610 1818; x_wconf 87' lang='lat' dir='ltr'><strong>ut:</strong></span> <span class='ocrx_word' id='word_1_81' title='bbox 621 1773 673 1818; x_wconf 85' lang='lat' dir='ltr'><strong>nne</strong></span> <span class='ocrx_word' id='word_1_82' title='bbox 687 1753 785 1818; x_wconf 83' lang='lat' dir='ltr'><strong>melus</strong></span> <span class='ocrx_word' id='word_1_83' title='bbox 800 1751 925 1821; x_wconf 67' lang='lat' dir='ltr'><strong>sumti</strong></span> <span class='ocrx_word' id='word_1_84' title='bbox 937 1771 1022 1820; x_wconf 79' lang='lat' dir='ltr'><strong>error</strong></span> <span class='ocrx_word' id='word_1_85' title='bbox 1035 1753 1042 1814; x_wconf 91' lang='lat'>!</span> 
     </span>
     <span class='ocr_line' id='line_1_14' title="bbox 281 1851 1027 1939; baseline 0.005 -22"><span class='ocrx_word' id='word_1_86' title='bbox 281 1851 387 1939; x_wconf 87' lang='lat' dir='ltr'><strong>Incipe</strong></span> <span class='ocrx_word' id='word_1_87' title='bbox 403 1855 562 1922; x_wconf 81' lang='lat' dir='ltr'><strong>Menelios</strong></span> <span class='ocrx_word' id='word_1_88' title='bbox 577 1877 709 1933; x_wconf 83' lang='lat' dir='ltr'><strong>mecum,</strong></span> <span class='ocrx_word' id='word_1_89' title='bbox 727 1877 798 1923; x_wconf 81' lang='lat' dir='ltr'><strong>meu</strong></span> <span class='ocrx_word' id='word_1_90' title='bbox 812 1857 896 1935; x_wconf 78' lang='lat' dir='ltr'><strong>tibin,</strong></span> <span class='ocrx_word' id='word_1_91' title='bbox 911 1875 1027 1924; x_wconf 60' lang='lat' dir='ltr'><strong>rusco.</strong></span> 
     </span>
    </p>

    <p class='ocr_par' dir='ltr' id='par_1_6' title="bbox 277 1957 1211 2356">
     <span class='ocr_line' id='line_1_15' title="bbox 323 1957 1175 2046; baseline 0.012 -25"><span class='ocrx_word' id='word_1_92' title='bbox 323 1957 416 2023; x_wconf 88' lang='lat' dir='ltr'><strong>Nunc</strong></span> <span class='ocrx_word' id='word_1_93' title='bbox 432 1962 495 2025; x_wconf 91' lang='lat' dir='ltr'><strong>scio</strong></span> <span class='ocrx_word' id='word_1_94' title='bbox 512 1963 586 2046; x_wconf 90' lang='lat' dir='ltr'><strong>quid</strong></span> <span class='ocrx_word' id='word_1_95' title='bbox 600 1962 638 2026; x_wconf 88' lang='lat' dir='ltr'><strong>sit</strong></span> <span class='ocrx_word' id='word_1_96' title='bbox 652 1961 760 2026; x_wconf 82' lang='lat' dir='ltr'><strong>Amor.</strong></span> <span class='ocrx_word' id='word_1_97' title='bbox 805 1959 901 2028; x_wconf 83' lang='lat' dir='ltr'><strong>Duris</strong></span> <span class='ocrx_word' id='word_1_98' title='bbox 916 1961 946 2024; x_wconf 85' lang='lat' dir='ltr'><strong>io</strong></span> <span class='ocrx_word' id='word_1_99' title='bbox 961 1959 1080 2028; x_wconf 68' lang='lat' dir='ltr'><strong>wotos</strong></span> <span class='ocrx_word' id='word_1_100' title='bbox 1091 1959 1175 2032; x_wconf 67' lang='lat' dir='ltr'><strong>illum</strong></span> 
     </span>
     <span class='ocr_line' id='line_1_16' title="bbox 278 2062 1211 2153; baseline 0.008 -28"><span class='ocrx_word' id='word_1_101' title='bbox 278 2062 342 2127; x_wconf 84' lang='lat' dir='ltr'><strong>Aut</strong></span> <span class='ocrx_word' id='word_1_102' title='bbox 356 2063 501 2144; x_wconf 81' lang='lat' dir='ltr'><strong>Tmarus,</strong></span> <span class='ocrx_word' id='word_1_103' title='bbox 518 2082 570 2131; x_wconf 86' lang='lat' dir='ltr'><strong>eut</strong></span> <span class='ocrx_word' id='word_1_104' title='bbox 585 2063 751 2153; x_wconf 86' lang='lat' dir='ltr'><strong>Rhodope,</strong></span> <span class='ocrx_word' id='word_1_105' title='bbox 768 2080 821 2130; x_wconf 83' lang='lat' dir='ltr'><strong>sut</strong></span> <span class='ocrx_word' id='word_1_106' title='bbox 834 2064 965 2131; x_wconf 80' lang='lat' dir='ltr'><strong>extremi</strong></span> <span class='ocrx_word' id='word_1_107' title='bbox 980 2063 1211 2142; x_wconf 51' lang='lat' dir='ltr'><strong>eumenus,</strong></span> 
     </span>
     <span class='ocr_line' id='line_1_17' title="bbox 279 2165 1124 2255; baseline -0.001 -25"><span class='ocrx_word' id='word_1_108' title='bbox 279 2165 348 2232; x_wconf 87' lang='lat' dir='ltr'><strong>Nec</strong></span> <span class='ocrx_word' id='word_1_109' title='bbox 364 2168 485 2252; x_wconf 84' lang='lat' dir='ltr'><strong>generis</strong></span> <span class='ocrx_word' id='word_1_110' title='bbox 499 2170 592 2234; x_wconf 79' lang='lat' dir='ltr'><strong>nostri</strong></span> <span class='ocrx_word' id='word_1_111' title='bbox 608 2191 749 2255; x_wconf 79' lang='lat' dir='ltr'><strong>puerum,</strong></span> <span class='ocrx_word' id='word_1_112' title='bbox 765 2189 824 2234; x_wconf 89' lang='lat' dir='ltr'><strong>nec</strong></span> <span class='ocrx_word' id='word_1_113' title='bbox 839 2168 1003 2254; x_wconf 77' lang='lat' dir='ltr'><strong>sunguiuie,</strong></span> <span class='ocrx_word' id='word_1_114' title='bbox 1018 2167 1124 2232; x_wconf 67' lang='lat' dir='ltr'><strong>edun.</strong></span> 
     </span>
     <span class='ocr_line' id='line_1_18' title="bbox 277 2259 1027 2356; baseline 0 -22"><span class='ocrx_word' id='word_1_115' title='bbox 277 2269 384 2356; x_wconf 89' lang='lat' dir='ltr'><strong>Incipe</strong></span> <span class='ocrx_word' id='word_1_116' title='bbox 400 2271 559 2338; x_wconf 79' lang='lat' dir='ltr'><strong>Menslios</strong></span> <span class='ocrx_word' id='word_1_117' title='bbox 568 2259 709 2352; x_wconf 59' lang='lat' dir='ltr'><strong>&#39;mecon</strong></span> <span class='ocrx_word' id='word_1_118' title='bbox 725 2271 895 2350; x_wconf 75' lang='lat' dir='ltr'><strong>meotilis,</strong></span> <span class='ocrx_word' id='word_1_119' title='bbox 909 2288 1027 2336; x_wconf 68' lang='lat' dir='ltr'><strong>ruore.</strong></span> 
     </span>
    </p>

    <p class='ocr_par' dir='ltr' id='par_1_7' title="bbox 277 2373 1146 2879">
     <span class='ocr_line' id='line_1_19' title="bbox 322 2373 1121 2462; baseline -0.001 -22"><span class='ocrx_word' id='word_1_120' title='bbox 322 2373 428 2440; x_wconf 75' lang='lat' dir='ltr'><strong>Serus</strong></span> <span class='ocrx_word' id='word_1_121' title='bbox 444 2377 540 2442; x_wconf 87' lang='lat' dir='ltr'><strong>Amor</strong></span> <span class='ocrx_word' id='word_1_122' title='bbox 556 2379 661 2444; x_wconf 88' lang='lat' dir='ltr'><strong>docuit</strong></span> <span class='ocrx_word' id='word_1_123' title='bbox 674 2393 815 2446; x_wconf 78' lang='lat' dir='ltr'><strong>notorum</strong></span> <span class='ocrx_word' id='word_1_124' title='bbox 831 2376 977 2462; x_wconf 72' lang='lat' dir='ltr'><strong>argutus</strong></span> <span class='ocrx_word' id='word_1_125' title='bbox 992 2387 1121 2440; x_wconf 72' lang='lat' dir='ltr'><strong>nouem</strong></span> 
     </span>
     <span class='ocr_line' id='line_1_20' title="bbox 277 2477 1146 2566; baseline 0.005 -22"><span class='ocrx_word' id='word_1_126' title='bbox 277 2477 515 2547; x_wconf 82' lang='lat' dir='ltr'><strong>Commsculare</strong></span> <span class='ocrx_word' id='word_1_127' title='bbox 530 2505 661 2549; x_wconf 82' lang='lat' dir='ltr'><strong>monus:</strong></span> <span class='ocrx_word' id='word_1_128' title='bbox 684 2483 819 2549; x_wconf 83' lang='lat' dir='ltr'><strong>crudelis</strong></span> <span class='ocrx_word' id='word_1_129' title='bbox 832 2497 864 2548; x_wconf 82' lang='lat' dir='ltr'><strong>tu</strong></span> <span class='ocrx_word' id='word_1_130' title='bbox 881 2483 1146 2566; x_wconf 61' lang='lat' dir='ltr'><strong>quoquedeest</strong></span> 
     </span>
     <span class='ocr_line' id='line_1_21' title="bbox 279 2583 1069 2676; baseline -0.003 -26"><span class='ocrx_word' id='word_1_131' title='bbox 279 2583 423 2650; x_wconf 81' lang='lat' dir='ltr'><strong>Crudelis</strong></span> <span class='ocrx_word' id='word_1_132' title='bbox 438 2603 535 2654; x_wconf 81' lang='lat' dir='ltr'><strong>meter</strong></span> <span class='ocrx_word' id='word_1_133' title='bbox 550 2591 658 2676; x_wconf 80' lang='lat' dir='ltr'><strong>magis,</strong></span> <span class='ocrx_word' id='word_1_134' title='bbox 675 2611 712 2656; x_wconf 82' lang='lat' dir='ltr'><strong>en</strong></span> <span class='ocrx_word' id='word_1_135' title='bbox 727 2609 806 2674; x_wconf 84' lang='lat' dir='ltr'><strong>puer</strong></span> <span class='ocrx_word' id='word_1_136' title='bbox 820 2587 978 2672; x_wconf 79' lang='lat' dir='ltr'><strong>improbus</strong></span> <span class='ocrx_word' id='word_1_137' title='bbox 992 2585 1069 2652; x_wconf 81' lang='lat' dir='ltr'><strong>ille?</strong></span> 
     </span>
     <span class='ocr_line' id='line_1_22' title="bbox 278 2688 1087 2778; baseline 0 -26"><span class='ocrx_word' id='word_1_138' title='bbox 278 2688 438 2778; x_wconf 87' lang='lat' dir='ltr'><strong>Improbus</strong></span> <span class='ocrx_word' id='word_1_139' title='bbox 453 2692 503 2756; x_wconf 91' lang='lat' dir='ltr'><strong>ille</strong></span> <span class='ocrx_word' id='word_1_140' title='bbox 518 2714 618 2778; x_wconf 81' lang='lat' dir='ltr'><strong>puer3</strong></span> <span class='ocrx_word' id='word_1_141' title='bbox 641 2695 773 2760; x_wconf 87' lang='lat' dir='ltr'><strong>crudelis</strong></span> <span class='ocrx_word' id='word_1_142' title='bbox 788 2705 820 2756; x_wconf 86' lang='lat' dir='ltr'><strong>tu</strong></span> <span class='ocrx_word' id='word_1_143' title='bbox 842 2711 963 2777; x_wconf 79' lang='lat' dir='ltr'><strong>quoque</strong></span> <span class='ocrx_word' id='word_1_144' title='bbox 978 2704 1087 2757; x_wconf 69' lang='lat' dir='ltr'><strong>metet.</strong></span> 
     </span>
     <span class='ocr_line' id='line_1_23' title="bbox 280 2793 1020 2879; baseline -0.001 -20"><span class='ocrx_word' id='word_1_145' title='bbox 280 2793 386 2879; x_wconf 90' lang='lat' dir='ltr'><strong>Incipe</strong></span> <span class='ocrx_word' id='word_1_146' title='bbox 401 2793 559 2862; x_wconf 79' lang='lat' dir='ltr'><strong>Mennlios</strong></span> <span class='ocrx_word' id='word_1_147' title='bbox 574 2819 708 2874; x_wconf 85' lang='lat' dir='ltr'><strong>mecum,</strong></span> <span class='ocrx_word' id='word_1_148' title='bbox 720 2819 791 2862; x_wconf 82' lang='lat' dir='ltr'><strong>mee</strong></span> <span class='ocrx_word' id='word_1_149' title='bbox 804 2797 888 2872; x_wconf 83' lang='lat' dir='ltr'><strong>tibio,</strong></span> <span class='ocrx_word' id='word_1_150' title='bbox 903 2813 1020 2860; x_wconf 77' lang='lat' dir='ltr'><strong>vereris.</strong></span> 
     </span>
    </p>

    <p class='ocr_par' dir='ltr' id='par_1_8' title="bbox 326 2898 1098 2984">
     <span class='ocr_line' id='line_1_24' title="bbox 326 2898 1098 2984; baseline 0.005 -24"><span class='ocrx_word' id='word_1_151' title='bbox 326 2898 359 2961; x_wconf 93' lang='lat' dir='ltr'>N</span> <span class='ocrx_word' id='word_1_152' title='bbox 360 2920 419 2961; x_wconf 89' lang='lat' dir='ltr'><strong>unc</strong></span> <span class='ocrx_word' id='word_1_153' title='bbox 435 2911 467 2960; x_wconf 87' lang='lat' dir='ltr'><strong>et</strong></span> <span class='ocrx_word' id='word_1_154' title='bbox 481 2918 555 2962; x_wconf 85' lang='lat' dir='ltr'><strong>oves</strong></span> <span class='ocrx_word' id='word_1_155' title='bbox 571 2899 649 2962; x_wconf 90' lang='lat' dir='ltr'><strong>ultro</strong></span> <span class='ocrx_word' id='word_1_156' title='bbox 664 2899 759 2983; x_wconf 81' lang='lat' dir='ltr'><strong>lugiet</strong></span> <span class='ocrx_word' id='word_1_157' title='bbox 773 2901 885 2984; x_wconf 83' lang='lat' dir='ltr'><strong>lupus;</strong></span> <span class='ocrx_word' id='word_1_158' title='bbox 906 2917 1000 2964; x_wconf 81' lang='lat' dir='ltr'><strong>eures</strong></span> <span class='ocrx_word' id='word_1_159' title='bbox 1015 2899 1098 2964; x_wconf 80' lang='lat' dir='ltr'><strong>dune</strong></span> 
     </span>
    </p>
   </div>
   <div class='ocr_carea' id='block_1_3' title="bbox 280 3000 1179 4250">
    <p class='ocr_par' dir='ltr' id='par_1_9' title="bbox 280 3000 1179 4250">
     <span class='ocr_line' id='line_1_25' title="bbox 281 3000 1045 3086; baseline 0.007 -22"><span class='ocrx_word' id='word_1_160' title='bbox 281 3000 366 3066; x_wconf 83' lang='lat' dir='ltr'><strong>Mula</strong></span> <span class='ocrx_word' id='word_1_161' title='bbox 381 3000 480 3065; x_wconf 83' lang='lat' dir='ltr'><strong>ferent</strong></span> <span class='ocrx_word' id='word_1_162' title='bbox 495 3021 649 3086; x_wconf 83' lang='lat' dir='ltr'><strong>quercus;</strong></span> <span class='ocrx_word' id='word_1_163' title='bbox 664 3003 798 3068; x_wconf 82' lang='lat' dir='ltr'><strong>narcisso</strong></span> <span class='ocrx_word' id='word_1_164' title='bbox 813 3002 921 3068; x_wconf 83' lang='lat' dir='ltr'><strong>dorcet</strong></span> <span class='ocrx_word' id='word_1_165' title='bbox 935 3003 1045 3080; x_wconf 83' lang='lat' dir='ltr'><strong>nlnns;</strong></span> 
     </span>
     <span class='ocr_line' id='line_1_26' title="bbox 280 3105 999 3191; baseline 0.007 -22"><span class='ocrx_word' id='word_1_166' title='bbox 280 3105 410 3190; x_wconf 79' lang='lat' dir='ltr'><strong>Pinguis</strong></span> <span class='ocrx_word' id='word_1_167' title='bbox 424 3105 588 3172; x_wconf 77' lang='lat' dir='ltr'><strong>corticibus</strong></span> <span class='ocrx_word' id='word_1_168' title='bbox 602 3109 711 3176; x_wconf 90' lang='lat' dir='ltr'><strong>sudent</strong></span> <span class='ocrx_word' id='word_1_169' title='bbox 726 3108 840 3174; x_wconf 77' lang='lat' dir='ltr'><strong>electro</strong></span> <span class='ocrx_word' id='word_1_170' title='bbox 855 3108 999 3191; x_wconf 63' lang='lat' dir='ltr'><strong>neptium</strong></span> 
     </span>
     <span class='ocr_line' id='line_1_27' title="bbox 281 3211 1070 3304; baseline 0.013 -27"><span class='ocrx_word' id='word_1_171' title='bbox 281 3211 410 3279; x_wconf 85' lang='lat' dir='ltr'><strong>Certent</strong></span> <span class='ocrx_word' id='word_1_172' title='bbox 425 3231 458 3280; x_wconf 89' lang='lat' dir='ltr'><strong>et</strong></span> <span class='ocrx_word' id='word_1_173' title='bbox 470 3217 576 3300; x_wconf 86' lang='lat' dir='ltr'><strong>cycnis</strong></span> <span class='ocrx_word' id='word_1_174' title='bbox 591 3217 700 3300; x_wconf 78' lang='lat' dir='ltr'><strong>ulule3</strong></span> <span class='ocrx_word' id='word_1_175' title='bbox 722 3220 761 3284; x_wconf 88' lang='lat' dir='ltr'><strong>sit</strong></span> <span class='ocrx_word' id='word_1_176' title='bbox 773 3219 901 3304; x_wconf 84' lang='lat' dir='ltr'><strong>Tityrus</strong></span> <span class='ocrx_word' id='word_1_177' title='bbox 916 3218 1070 3304; x_wconf 74' lang='lat' dir='ltr'><strong>Ospheus.</strong></span> 
     </span>
     <span class='ocr_line' id='line_1_28' title="bbox 282 3321 995 3410; baseline 0.007 -24"><span class='ocrx_word' id='word_1_178' title='bbox 282 3322 426 3407; x_wconf 85' lang='lat' dir='ltr'><strong>Orpheus</strong></span> <span class='ocrx_word' id='word_1_179' title='bbox 441 3324 471 3386; x_wconf 88' lang='lat' dir='ltr'><strong>in</strong></span> <span class='ocrx_word' id='word_1_180' title='bbox 487 3321 578 3403; x_wconf 86' lang='lat' dir='ltr'><strong>silvis,</strong></span> <span class='ocrx_word' id='word_1_181' title='bbox 594 3321 672 3389; x_wconf 91' lang='lat' dir='ltr'><strong>inter</strong></span> <span class='ocrx_word' id='word_1_182' title='bbox 687 3323 845 3410; x_wconf 76' lang='lat' dir='ltr'><strong>delphinas</strong></span> <span class='ocrx_word' id='word_1_183' title='bbox 860 3325 967 3392; x_wconf 78' lang='lat' dir='ltr'><strong>Arion.</strong></span> <span class='ocrx_word' id='word_1_184' title='bbox 991 3395 995 3404; x_wconf 65' lang='grc'><em>,</em></span> 
     </span>
     <span class='ocr_line' id='line_1_29' title="bbox 282 3423 1020 3512; baseline 0.004 -22"><span class='ocrx_word' id='word_1_185' title='bbox 282 3425 387 3512; x_wconf 90' lang='lat' dir='ltr'><strong>Incipe</strong></span> <span class='ocrx_word' id='word_1_186' title='bbox 403 3423 560 3492; x_wconf 71' lang='lat' dir='ltr'><strong>Maenalios</strong></span> <span class='ocrx_word' id='word_1_187' title='bbox 573 3447 705 3509; x_wconf 86' lang='lat' dir='ltr'><strong>mecum,</strong></span> <span class='ocrx_word' id='word_1_188' title='bbox 721 3449 791 3494; x_wconf 79' lang='lat' dir='ltr'><strong>mea</strong></span> <span class='ocrx_word' id='word_1_189' title='bbox 804 3429 888 3508; x_wconf 82' lang='lat' dir='ltr'><strong>tibin,</strong></span> <span class='ocrx_word' id='word_1_190' title='bbox 902 3447 1020 3498; x_wconf 55' lang='grc' dir='ltr'>νῶιν.</span> 
     </span>
     <span class='ocr_line' id='line_1_30' title="bbox 325 3531 1099 3614; baseline 0.008 -18"><span class='ocrx_word' id='word_1_191' title='bbox 325 3531 437 3597; x_wconf 80' lang='lat' dir='ltr'><strong>Omnis</strong></span> <span class='ocrx_word' id='word_1_192' title='bbox 451 3534 500 3597; x_wconf 89' lang='lat' dir='ltr'><strong>vel</strong></span> <span class='ocrx_word' id='word_1_193' title='bbox 516 3533 650 3598; x_wconf 87' lang='lat' dir='ltr'><strong>medium</strong></span> <span class='ocrx_word' id='word_1_194' title='bbox 666 3536 738 3600; x_wconf 86' lang='lat' dir='ltr'><strong>finnt</strong></span> <span class='ocrx_word' id='word_1_195' title='bbox 752 3556 862 3600; x_wconf 79' lang='lat' dir='ltr'><strong>mure:</strong></span> <span class='ocrx_word' id='word_1_196' title='bbox 881 3534 984 3614; x_wconf 79' lang='lat' dir='ltr'><strong>vivite,</strong></span> <span class='ocrx_word' id='word_1_197' title='bbox 998 3533 1099 3613; x_wconf 65' lang='lat' dir='ltr'><strong>siim</strong></span> 
     </span>
     <span class='ocr_line' id='line_1_31' title="bbox 281 3635 988 3723; baseline 0.006 -21"><span class='ocrx_word' id='word_1_198' title='bbox 281 3635 426 3723; x_wconf 71' lang='lat' dir='ltr'><strong>Praeceps</strong></span> <span class='ocrx_word' id='word_1_199' title='bbox 441 3639 514 3702; x_wconf 69' lang='lat' dir='ltr'><strong>senii</strong></span> <span class='ocrx_word' id='word_1_200' title='bbox 529 3637 656 3722; x_wconf 77' lang='lat' dir='ltr'><strong>speculis</strong></span> <span class='ocrx_word' id='word_1_201' title='bbox 670 3640 710 3704; x_wconf 90' lang='lat' dir='ltr'><strong>de</strong></span> <span class='ocrx_word' id='word_1_202' title='bbox 725 3640 877 3705; x_wconf 86' lang='lat' dir='ltr'><strong>montisin</strong></span> <span class='ocrx_word' id='word_1_203' title='bbox 891 3639 988 3706; x_wconf 66' lang='lat' dir='ltr'><strong>undu</strong></span> 
     </span>
     <span class='ocr_line' id='line_1_32' title="bbox 281 3728 1135 3814; baseline -0.001 -7"><span class='ocrx_word' id='word_1_204' title='bbox 281 3741 435 3807; x_wconf 81' lang='lat' dir='ltr'><strong>Deserat:</strong></span> <span class='ocrx_word' id='word_1_205' title='bbox 459 3728 630 3808; x_wconf 67' lang='lat' dir='ltr'><strong>entremum</strong></span> <span class='ocrx_word' id='word_1_206' title='bbox 644 3743 704 3808; x_wconf 92' lang='lat' dir='ltr'><strong>hoc</strong></span> <span class='ocrx_word' id='word_1_207' title='bbox 719 3765 829 3810; x_wconf 84' lang='lat' dir='ltr'><strong>munus</strong></span> <span class='ocrx_word' id='word_1_208' title='bbox 841 3744 999 3810; x_wconf 80' lang='lat' dir='ltr'><strong>morientis</strong></span> <span class='ocrx_word' id='word_1_209' title='bbox 1011 3743 1135 3814; x_wconf 72' lang='lat' dir='ltr'><strong>hebeto.</strong></span> 
     </span>
     <span class='ocr_line' id='line_1_33' title="bbox 282 3845 1021 3933; baseline 0.005 -23"><span class='ocrx_word' id='word_1_210' title='bbox 282 3845 399 3910; x_wconf 85' lang='lat' dir='ltr'><strong>Desine</strong></span> <span class='ocrx_word' id='word_1_211' title='bbox 414 3845 581 3925; x_wconf 67' lang='lat' dir='ltr'><strong>Menecles,</strong></span> <span class='ocrx_word' id='word_1_212' title='bbox 592 3846 658 3933; x_wconf 80' lang='lat' dir='ltr'><strong>jem</strong></span> <span class='ocrx_word' id='word_1_213' title='bbox 673 3848 789 3926; x_wconf 72' lang='lat' dir='ltr'><strong>derne,</strong></span> <span class='ocrx_word' id='word_1_214' title='bbox 805 3847 888 3928; x_wconf 75' lang='lat' dir='ltr'><strong>tibin,</strong></span> <span class='ocrx_word' id='word_1_215' title='bbox 904 3867 1021 3914; x_wconf 72' lang='lat' dir='ltr'><strong>ventu.</strong></span> 
     </span>
     <span class='ocr_line' id='line_1_34' title="bbox 326 3949 1179 4039; baseline 0.013 -24"><span class='ocrx_word' id='word_1_216' title='bbox 326 3949 402 4016; x_wconf 78' lang='lat' dir='ltr'><strong>Huc</strong></span> <span class='ocrx_word' id='word_1_217' title='bbox 418 3950 563 4016; x_wconf 72' lang='lat' dir='ltr'><strong>Damon:</strong></span> <span class='ocrx_word' id='word_1_218' title='bbox 585 3974 649 4030; x_wconf 83' lang='lat' dir='ltr'><strong>vos,</strong></span> <span class='ocrx_word' id='word_1_219' title='bbox 666 3974 731 4039; x_wconf 80' lang='lat' dir='ltr'><strong>que</strong></span> <span class='ocrx_word' id='word_1_220' title='bbox 747 3953 937 4038; x_wconf 83' lang='lat' dir='ltr'><strong>responderit</strong></span> <span class='ocrx_word' id='word_1_221' title='bbox 951 3953 1179 4038; x_wconf 65' lang='lat' dir='ltr'><strong>Alphesiboessti</strong></span> 
     </span>
     <span class='ocr_line' id='line_1_35' title="bbox 281 4052 1072 4144; baseline 0.006 -23"><span class='ocrx_word' id='word_1_222' title='bbox 281 4055 394 4134; x_wconf 87' lang='lat' dir='ltr'><strong>Dicite,</strong></span> <span class='ocrx_word' id='word_1_223' title='bbox 411 4052 570 4122; x_wconf 78' lang='lat' dir='ltr'><strong>Pierides:</strong></span> <span class='ocrx_word' id='word_1_224' title='bbox 592 4079 651 4124; x_wconf 92' lang='lat' dir='ltr'><strong>nou</strong></span> <span class='ocrx_word' id='word_1_225' title='bbox 666 4058 767 4124; x_wconf 86' lang='lat' dir='ltr'><strong>omnia</strong></span> <span class='ocrx_word' id='word_1_226' title='bbox 781 4079 940 4144; x_wconf 68' lang='lat' dir='ltr'><strong>possruum</strong></span> <span class='ocrx_word' id='word_1_227' title='bbox 954 4077 1072 4128; x_wconf 84' lang='lat' dir='ltr'><strong>omncs·</strong></span> 
     </span>
     <span class='ocr_line' id='line_1_36' title="bbox 324 4157 1090 4250; baseline 0.004 -25"><span class='ocrx_word' id='word_1_228' title='bbox 324 4157 412 4228; x_wconf 79' lang='lat' dir='ltr'><strong>Effer</strong></span> <span class='ocrx_word' id='word_1_229' title='bbox 427 4183 548 4248; x_wconf 52' lang='lat' dir='ltr'><strong>Quum,</strong></span> <span class='ocrx_word' id='word_1_230' title='bbox 563 4177 596 4229; x_wconf 93' lang='lat' dir='ltr'><strong>et</strong></span> <span class='ocrx_word' id='word_1_231' title='bbox 609 4164 692 4230; x_wconf 77' lang='lat' dir='ltr'><strong>molli</strong></span> <span class='ocrx_word' id='word_1_232' title='bbox 706 4165 795 4250; x_wconf 83' lang='lat' dir='ltr'><strong>cinge</strong></span> <span class='ocrx_word' id='word_1_233' title='bbox 810 4166 876 4234; x_wconf 67' lang='lat' dir='ltr'><strong>huc</strong></span> <span class='ocrx_word' id='word_1_234' title='bbox 891 4165 995 4236; x_wconf 67' lang='lat' dir='ltr'><strong>alteia</strong></span> <span class='ocrx_word' id='word_1_235' title='bbox 1006 4162 1090 4244; x_wconf 76' lang='lat' dir='ltr'><strong>vitri,</strong></span> 
     </span>
    </p>
   </div>
   <div class='ocr_carea' id='block_1_4' title="bbox 0 0 1469 5002">
    <p class='ocr_par' dir='ltr' id='par_1_10' title="bbox 0 0 1469 5002">
     <span class='ocr_line' id='line_1_37' title="bbox 0 0 1469 5002; baseline 0 0"><span class='ocrx_word' id='word_1_236' title='bbox 0 0 1469 5002; x_wconf 95' lang='lat' dir='ltr'><strong> </strong></span> 
     </span>
    </p>
   </div>
  </div>
 </body>
</html>
