2890 5002
217 401 273 458 120
660 387 848 452 AENEIDOS

256 545 372 612 Omnia
386 555 453 607 tuta
467 539 567 620 vides,
583 537 726 618 classem,
741 542 907 622 sociosque
922 553 1080 624 receptos.

257 646 347 714 Unus
362 647 462 726 abest,
477 643 582 710 medio
596 647 628 706 in
644 643 739 706 fluctu
754 663 847 726 quem
862 640 999 706 vidimus
1013 646 1075 728 ipsi

258 751 475 816 submersum:
499 747 593 812 dictis
607 743 799 830 respondent
813 757 930 808 cetera
944 748 1065 810 matris.
1129 801 1132 815 .
1236 754 1295 810 505

257 854 325 919 Vix
340 874 379 917 ea
393 854 474 916 15105
489 863 567 930 erat,
583 869 677 933 quum
692 847 882 912 circumfusa
897 848 1028 932 repenti

259 953 382 1020 Scindit
396 976 430 1018 se
445 953 555 1033 nubes,
570 964 602 1015 et
615 955 648 1014 in
663 950 784 1015 aethera
798 965 911 1037 purgat
926 963 1080 1036 apertum.

258 1058 386 1123 Restitit
401 1056 526 1136 AEneas,
540 1053 689 1138 claraque
705 1057 738 1117 in
752 1051 823 1117 luce
837 1051 970 1133 refirlsit,

256 1163 301 1227 05
318 1162 526 1245 humerosque
541 1155 602 1220 deo
617 1154 746 1220 similis:
769 1175 905 1241 namque
920 1160 991 1242 ipsa
1005 1154 1155 1222 decoram

257 1263 431 1328 Caesariem
446 1273 521 1326 nato
535 1260 690 1346 genetrix,
705 1255 873 1343 lumenque
884 1261 1024 1346 juvente
1236 1265 1295 1323 590

258 1367 463 1452 Purpureum,
479 1376 510 1428 et
524 1362 613 1426 laetos
627 1358 727 1426 oeulis
742 1359 863 1426 affleirat
877 1361 1024 1426 honores.

257 1469 359 1553 Quale
374 1489 484 1534 manus
499 1465 618 1530 addunt
633 1465 722 1530 ebori
738 1463 855 1546 decus3
877 1479 931 1531 aut
944 1465 1000 1530 ubi
1015 1465 1097 1529 flavo

258 1573 440 1658 Argentum,
456 1569 606 1634 Pariusve
621 1567 712 1653 lapis,
727 1567 941 1634 circumdatur
957 1589 1045 1633 auro.

299 1674 382 1738 Tum
396 1676 442 1737 sic
457 1675 598 1759 reginam
613 1667 792 1756 alloquitur,
807 1675 991 1757 cunctisque
1004 1671 1136 1758 repent&

257 1779 448 1865 Improvisus
462 1781 521 1841 ait:
545 1775 672 1858 Coram,
687 1798 782 1862 quem
797 1780 948 1862 quaeritis,
963 1775 1075 1842 adsum
1237 1782 1293 1840 505

257 1881 373 1945 Τ55105
388 1879 513 1959 AEue'as,
528 1879 663 1966 Libycis
677 1893 804 1964 ereptus
818 1880 862 1944 ab
876 1879 979 1944 undis.

256 1983 286 2050 Ο
301 1981 368 2046 5515
382 1981 527 2046 infandos
542 1983 648 2070 Trojae
663 1985 812 2048 miserata
827 1981 962 2064 labores,

256 2085 335 2168 Qum
350 2105 416 2164 nos,
431 2083 582 2169 reliquias
596 2083 753 2166 Danarim,
768 2097 934 2170 terreque,
948 2085 1117 2171 marisque,

256 2185 411 2252 Omnibus
428 2186 597 2251 exhaustos
606 2188 675 2274 jam
689 2187 825 2268 casibus,
839 2192 977 2252 omnium
993 2209 1118 2274 egenos,

258 2288 358 2372 Urbe,
373 2288 476 2369 domo,
490 2291 610 2354 socias!
632 2301 738 2377 grates
751 2287 935 2374 persolvere
949 2289 1062 2376 dignas
1232 2293 1293 2350 600

256 2393 327 2458 Ν55
342 2397 411 2480 opis
427 2405 474 2456 est
488 2407 612 2473 nostrat,
626 2392 724 2471 Dido,
739 2413 798 2456 nec
814 2391 969 2477 quidquid
983 2393 1103 2478 ubique
1118 2405 1166 2456 est

255 2495 365 2560 Gentis
381 2493 565 2570 Dardaniis,
580 2515 725 2578 magnum
741 2515 812 2574 quae
826 2513 938 2576 sparsa
951 2515 1010 2578 per
1023 2497 1161 2602 551155ιῶ

255 2597 302 2663 Dt
315 2597 384 2676 tibi,
399 2599 425 2660 si
442 2616 504 2679 qua
518 2596 588 2680 pios
603 2605 785 2678 respectant
798 2597 937 2674 numine,
952 2599 979 2660 si
994 2597 1072 2681 quid

257 2700 400 2786 Usquam
410 2699 533 2785 justitia
549 2707 605 2777 est,
621 2707 653 2759 et
667 2717 755 2760 mens
770 2695 832 2760 sibi
846 2701 977 2762 conscia
990 2703 1081 2780 recti,

258 2805 392 2870 Praemia
406 2800 502 2886 digna
516 2801 631 2863 serant.
654 2798 733 2879 Quae
749 2812 780 2862 te
795 2811 859 2864 tam
874 2798 949 2864 11515
966 2800 1102 2868 tulerunt
1232 2809 1293 2868 605
1408 2800 1411 2811 “

258 2903 403 2970 Secula?
424 2905 479 2986 qui
494 2905 571 2965 15511
586 2899 681 2964 talem
696 2901 835 2988 genuere
849 2909 1018 2989 parentes?

257 3007 293 3073 ln
307 3007 388 3070 freta
402 3002 478 3067 dum
492 3001 579 3067 fluvii
594 3015 732 3083 current,
748 3001 824 3070 dum
838 3007 995 3072 montibus
1009 3009 1130 3073 umbrae

257 3109 450 3174 Lustrabunt
464 3127 618 3186 convexo,
632 3105 723 3192 polus
738 3105 813 3174 dum
828 3108 935 3174 sidera
949 3124 1068 3196 pascet,

258 3215 390 3300 Semper
405 3211 514 3290 honos,
529 3231 705 3295 nomenque
720 3224 816 3292 tuum,
831 3210 1004 3297 laudesque
1019 3215 1199 3296 manebunt,

257 3318 335 3400 Quae
351 3337 401 3380 me
416 3335 550 3399 cumque
565 3327 679 3378 vonam
694 3327 798 3380 terrae.
823 3314 876 3378 Sic
891 3316 983 3397 fatus,
998 3321 1134 3384 amicum
1231 3325 1295 3385 610

258 3419 378 3484 1115555
392 3422 470 3504 petit
484 3415 608 3497 dextri,
623 3416 766 3503 levique
782 3419 958 3500 Serestum3

259 3520 342 3602 Post,
357 3520 445 3602 alios,
459 3522 633 3605 sortemque
647 3521 753 3607 Gyan,
767 3521 942 3608 fortemque
957 3522 1158 3590 Cloanthum.

300 3625 469 3712 Obstupuit
483 3623 586 3710 primo
601 3623 752 3711 adspectu
769 3624 899 3694 Sidonia
913 3626 1011 3708 Dido,

259 3727 345 3791 Casu
358 3725 552 3791 deindeviri
567 3739 669 3807 tanto;
691 3731 783 3793 etsie
797 3751 853 3794 ore
867 3728 972 3796 locuta
987 3744 1051 3796 est:

257 3829 336 3912 Quis
351 3840 392 3908 te,
406 3841 478 3892 nate
493 3828 564 3910 det,
578 3851 636 3915 per
650 3842 737 3895 15515
747 3829 892 3917 pericula
906 3854 997 3898 casus
1228 3843 1294 3899 615

259 3933 456 4016 Insequitur?
477 3953 546 4017 quae
562 3935 610 3996 vis
624 3933 812 3998 immanibus
829 3933 969 4020 applicat
983 3940 1067 4002 oris?

259 4035 350 4102 Tune
364 4032 418 4099 ille
434 4032 548 4100 AEueas
564 4055 657 4122 quem
669 4033 837 4104 Dardanio
852 4037 1001 4105 Anchisae
