2648 5288
531 762 683 824 naboon
704 750 738 822 v.

561 935 584 976 rr
608 935 627 976 n
693 960 702 977 .

141 1021 191 1082 An
207 1017 372 1102 quidquam
388 1015 478 1078 nobis
491 1015 542 1079 tali
557 936 731 1082 silmlthsere
746 1019 869 1104 majus?

143 1123 186 1187 Et
198 1145 275 1210 puer
289 1124 356 1207 ipse
371 1119 428 1184 suit
442 1122 555 1186 cantari
572 1124 690 1206 dignus,
703 1139 734 1188 et
749 1125 806 1189 ista

141 1229 210 1292 Jam
224 1228 345 1314 pridem
362 1224 509 1291 Stimicon
525 1228 658 1293 laudavit
673 1231 912 1295 carminanobis.

534 1351 722 1395 nahmens.

185 1434 505 1503 Caudidusinsuetnm
519 1437 645 1500 miratur
659 1437 753 1502 limen
768 1438 904 1522 Olympi,

142 1543 210 1608 Sub
225 1542 412 1627 pedibusque
427 1541 511 1606 videt
524 1542 622 1607 nubes
637 1556 668 1605 et
679 1544 778 1609 sidera
794 1541 945 1629 Daphnis.

144 1647 230 1732 Ergo
243 1648 349 1711 alacris
364 1647 454 1710 silvas
466 1660 497 1711 et
512 1661 622 1711 cetera
637 1669 707 1712 ntra
722 1649 860 1732 voluptas

143 1752 287 1836 Panaque
297 1765 497 1836 pastoresque
513 1766 606 1830 tenet,
622 1750 825 1837 Dryadasque
840 1754 980 1839 puellas3

141 1857 211 1923 Nec
225 1860 314 1943 lupus
328 1858 451 1921 insidias
463 1859 579 1941 pecori,
594 1879 653 1921 nec
668 1858 743 1922 retia
759 1860 856 1922 cervis

139 1964 211 2029 Ulla
226 1965 330 2028 dolum
345 1964 551 2028 meditantur:
571 1977 654 2026 amat
667 1964 764 2028 bonus
779 1965 840 2027 otia
856 1963 1004 2048 Daphnis.

140 2069 201 2154 lpsi
213 2066 314 2132 latitiit
328 2088 422 2130 voces
434 2067 473 2131 ad
485 2068 586 2132 sidera
597 2067 716 2152 jactant
842 2142 844 2145 ¹

139 2173 251 2238 lntonsi
267 2188 410 2252 montes;
431 2174 503 2258 ipsa
514 2174 580 2258 jam
597 2174 731 2236 carmina
746 2194 838 2257 rupes

79 2264 83 2271 ¹
140 2276 209 2364 Ipsa
224 2292 332 2340 sonam
346 2277 488 2341 arbusta:
510 2295 609 2352 nnus,
624 2295 711 2338 onos
727 2296 813 2354 rnna,
830 2283 1002 2343 nsanos!

185 2383 235 2446 Sis
249 2383 347 2446 bonus
360 2403 382 2445 o
396 2379 533 2465 felixque
548 2381 627 2444 tuis!
651 2401 690 2444 en
706 2395 833 2465 quatuor
846 2403 913 2446 aras
926 2405 936 2462 3

141 2485 227 2550 Eece
244 2487 321 2550 duas
335 2485 400 2561 tibi,
416 2483 564 2569 Daphni3
587 2483 674 2562 duas,
691 2485 795 2549 altaria
810 2485 942 2551 Pboebo.

139 2595 256 2660 Pocula
269 2596 342 2659 bina
356 2613 436 2658 novo
451 2595 621 2677 spumantia
635 2594 714 2659 lacte
730 2597 889 2679 quotannis

140 2705 345 2789 Craterasque
363 2705 424 2768 duo
439 2717 568 2768 statuam
583 2703 636 2768 tibi
648 2706 766 2789 pinguis
782 2707 852 2770 olivi
865 2729 875 2786 3

141 2811 185 2875 Et
201 2811 291 2872 multo
307 2811 336 2871 in
347 2809 454 2894 primis
469 2809 600 2872 hilarans
612 2810 750 2872 convivia
765 2808 903 2888 Baccho,

140 2916 224 2977 Ante
240 2913 349 2989 locum,
367 2913 392 2973 si
409 2909 501 2995 frigus
516 2912 583 2989 erit,
600 2913 624 2974 si
641 2913 760 2988 messis,
777 2911 937 2991 inumbra,

141 3017 220 3083 Vina
231 3039 344 3081 norum
361 3014 486 3079 lundam
502 3015 629 3080 calathis
645 3017 768 3079 Ariusia
783 3031 910 3080 nectar:

138 3122 312 3188 Cantabunt
324 3120 396 3182 rnibi
412 3118 573 3182 Damoetas
588 3133 619 3183 et
635 3117 763 3203 Lyctius
777 3121 878 3205 AEgon
892 3147 902 3201 ;

137 3231 291 3294 Saltantes
307 3225 432 3309 Satyros
447 3225 610 3287 imitabitur
625 3225 850 3308 Alphesiboeus.

138 3336 216 3400 Hac
231 3335 285 3397 tibi
301 3353 423 3415 semper
435 3345 534 3409 erunt,
550 3345 581 3394 et
596 3352 690 3414 quum
706 3332 851 3397 solemnia
866 3350 936 3400 vota

138 3439 323 3503 Reddemus
336 3436 500 3520 Nymphis,
517 3449 548 3497 et
562 3456 654 3519 quum
671 3436 862 3502 lustrabimus
878 3461 976 3524 agros.

136 3547 222 3610 Dum
232 3544 309 3630 juga
324 3542 434 3607 montis
450 3563 533 3626 aper,
550 3540 656 3605 fluvios
672 3543 744 3605 dum
760 3545 851 3628 piscis
866 3548 987 3624 amabit,

136 3652 283 3735 Dumque
294 3650 400 3733 thymo
416 3662 578 3733 pascentur
594 3669 678 3732 apes,
696 3649 768 3711 dum
785 3669 852 3712 rore
868 3653 993 3729 cicada,

137 3760 270 3844 Semper
285 3758 382 3820 bonos
396 3775 569 3838 nomenque
584 3769 668 3820 tuum
684 3755 851 3840 laudesque
867 3759 1040 3822 manebunt.

136 3863 181 3927 Ut
197 3862 326 3927 Baccho
341 3861 524 3945 Cererique,
540 3861 593 3924 tibi
608 3863 652 3925 sic
668 3876 737 3926 vota
754 3865 913 3946 quotannis

139 3968 288 4054 Agricola
304 3966 436 4031 sacient:
461 3966 617 4030 damnabis
632 3981 664 4030 tu
682 3988 802 4052 quoque
818 3969 906 4031 votis.

555 4090 696 4133 uorsus.

139 4175 217 4250 Qua
233 4175 297 4251 tibi,
314 4195 379 4259 quaa
395 4175 446 4238 tali
461 4174 589 4239 reddam
606 4197 661 4259 pro
677 4177 811 4239 carmine
827 4176 907 4238 dona
924 4177 938 4239 ?

138 4280 220 4343 Nam
235 4299 337 4363 neque
352 4301 403 4342 me
419 4279 535 4343 tannim
551 4280 698 4343 venientis
714 4279 816 4342 sibilus
833 4281 936 4357 austri,
1000 4310 1009 4321 ν

140 4385 174 4448 N
175 4404 212 4449 ec
226 4406 373 4471 percussa
380 4385 486 4470 juvant
501 4385 594 4449 fluctu
610 4400 672 4449 tam
684 4386 792 4463 littora,
808 4407 866 4450 nec
880 4406 944 4470 quae

139 4491 276 4555 Saxosas
290 4493 368 4555 inter
384 4491 548 4555 decurrunt
562 4490 686 4556 flumina
697 4491 803 4554 valles.

471 4595 498 4659 ,3
