2756 5010
228 459 292 520 zu
676 457 867 520 AENEiDOS

275 617 308 681 Si
323 635 473 682 concessa
487 628 570 702 peto,
584 615 612 679 si
627 613 703 680 dant
718 636 756 680 ea
771 617 888 679 moenia
904 614 1024 678 Parce.

315 719 397 782 Tum
412 720 574 783 Saturnius
589 717 658 780 haec
673 716 807 782 domitor
821 719 917 782 maris
933 715 1031 781 edidit
1046 715 1120 782 alti:

232 827 243 846 ⁰
273 821 335 888 Fas
349 839 440 888 omne
455 835 511 903 est,
526 821 700 909 Cytherea,
714 823 790 886 meis
806 833 837 884 te
852 819 949 884 fidere
964 821 1079 906 regnis,
1233 823 1279 880 888

272 925 366 991 Unde
380 947 476 1014 genus
489 925 596 990 ducis:
619 929 718 990 merui
734 911 879 1012 quoque}
898 925 987 1012 saepti
1002 927 1123 991 furores

272 1028 452 1115 Compressi
467 1043 498 1094 et
512 1030 634 1095 rabiem
648 1041 766 1094 tantam
780 1027 916 1114 coeiique
931 1028 1100 1115 marisque.

272 1131 341 1195 Nec
355 1133 455 1197 minor
469 1133 498 1196 in
514 1135 615 1212 terris,
630 1129 790 1196 Xanthum
806 1133 1027 1215 Simoentaque
1042 1143 1145 1213 testor,

273 1233 376 1299 AErreae
392 1235 467 1299 mihi
481 1255 559 1299 cura
573 1235 628 1298 tui.
671 1235 775 1316 Quum
790 1233 889 1298 Troia
904 1233 1046 1300 Achilles

195 1345 197 1350 '
271 1335 459 1402 Exarumata
474 1357 606 1421 sequens
621 1337 806 1423 impingeret
821 1339 943 1422 agmina
959 1337 1064 1417 muria,
1234 1338 1281 1397 888

271 1440 375 1520 Miltia
389 1440 485 1505 muita
499 1438 590 1504 daret
605 1437 676 1519 leto,
690 1451 912 1525 gemerentque
927 1438 1039 1525 repleti

271 1544 397 1633 Amnes,
411 1564 469 1607 nec
484 1545 625 1628 reperire
640 1545 724 1607 viam
739 1555 833 1628 atque
849 1540 996 1608 evolvere
1010 1556 1117 1628 possm

270 1646 306 1709 ln
321 1667 406 1710 mare
422 1669 455 1711 se
471 1645 634 1726 Xanthus3
657 1643 775 1711 Pelidae
790 1660 862 1710 tunc
878 1667 936 1732 ego
951 1647 1023 1710 sorti

269 1750 478 1838 Congressum
494 1753 623 1835 AEnearq
638 1775 697 1818 nec
711 1753 761 1818 dis
774 1775 833 1818 nec
848 1753 969 1818 viribus
984 1757 1094 1840 requie,

269 1855 362 1920 Nube
376 1851 456 1920 ea'va
469 1860 570 1941 rapui,
585 1877 733 1942 cuperem
749 1877 843 1942 quum
858 1870 981 1922 vertere
997 1857 1039 1920 ab
1054 1856 1117 1922 imo
1235 1859 1286 1916 818

270 1961 395 2024 Structa
409 1961 486 2024 meis
500 1961 643 2025 manibus
657 1962 792 2048 perjurae
808 1961 924 2025 moenia
938 1961 1056 2047 Trojae.

200 2053 202 2059 ’
269 2059 359 2126 Nunc
375 2084 498 2148 quoque
512 2083 601 2127 mens
615 2061 727 2127 eadem
743 2075 861 2147 perstat
875 2063 951 2128 mibi
966 2089 975 2142 3
996 2061 1080 2149 pelle
1095 2065 1239 2128 timorem.

269 2164 367 2230 Tutus
382 2188 459 2252 quoa
474 2179 563 2253 optas
577 2181 685 2252 portus
700 2165 832 2232 accedet
847 2167 986 2232 Averni:

269 2267 358 2334 Unus
373 2270 431 2334 erit
444 2267 571 2349 tantiam,
586 2270 732 2334 amissum
747 2290 839 2354 quem
853 2272 975 2357 gurgite
990 2282 1129 2354 quaeret3

268 2370 373 2438 Unum
387 2395 445 2460 pro
459 2371 562 2438 multis
575 2373 703 2438 dabitur
717 2385 822 2460 caput.
1237 2375 1285 2434 815

309 2477 372 2540 His
386 2477 441 2541 ubi
457 2475 529 2542 beta
542 2476 611 2541 deoe
625 2477 788 2562 permulsit
801 2487 932 2562 pectora
947 2475 1050 2554 dictis,

267 2581 373 2668 Jungit
387 2601 484 2666 equos
498 2602 576 2645 auro
589 2583 721 2668 genitor,
736 2581 975 2666 spumantiaque
990 2577 1079 2644 addit

267 2684 380 2750 Fraena
395 2686 479 2766 ieris,
493 2686 700 2770 manibusque
714 2703 821 2748 omnes
836 2681 966 2747 effundit
980 2681 1134 2748 habenae.

266 2795 412 2859 Caeruleo
427 2816 483 2879 per
497 2815 615 2858 summa
630 2792 708 2856 levis
723 2791 808 2857 voiat
822 2811 951 2876 aequora
965 2811 1078 2855 curru:

267 2897 436 2962 Subsidunt
450 2895 551 2975 undae,
566 2895 779 2979 tumidumque
793 2894 852 2958 sub
866 2915 928 2958 axe
944 2893 1062 2958 tonanti
1236 2896 1286 2956 888
1364 2887 1365 2890 '

267 2999 419 3064 Sternitur
433 3017 541 3081 aequor
555 2997 663 3080 aquis;
685 2995 803 3082 fugiunt
817 3008 907 3060 vasto
921 2996 1039 3060 aethere
1054 2996 1163 3062 nimbi.

265 3102 347 3170 Tum
362 3099 457 3164 varim
472 3099 617 3162 comitum
632 3099 749 3177 iacies3
770 3099 919 3163 immania
934 3113 1014 3179 cete,

265 3205 307 3269 Et
320 3206 425 3268 senior
437 3201 550 3266 Glauci
565 3201 689 3282 chorus,
704 3203 858 3287 inoiisque
879 3202 1046 3285 Palaemon,

263 3305 470 3390 Tritonesque
484 3305 546 3385 citi,
562 3303 737 3388 Phorcique
753 3307 910 3370 exercitus
925 3309 1035 3370 omnia.

264 3411 361 3476 Laeva
376 3423 480 3475 tenent
494 3407 615 3489 Thetis,
629 3421 659 3472 et
676 3408 793 3490 Melite,
809 3409 1020 3495 Panopeaque
1038 3412 1137 3498 virgo,
1237 3407 1288 3479 tm

263 3513 387 3595 Nesaee,
402 3515 550 3601 Spioque,
564 3511 754 3598 Thaliaque,
768 3511 1028 3599 Cymodoceque.

305 3621 371 3687 Hic
387 3623 485 3707 patris
501 3619 607 3684 AEneae
622 3641 803 3706 suspensam
819 3617 937 3684 blanda
952 3619 1087 3684 vicissim
1364 3659 1365 3676 1

260 3726 387 3792 Gaudia
401 3736 576 3812 pertentant
591 3723 744 3788 mentem:
762 3723 854 3810 jubet
868 3721 956 3788 ocitis
970 3745 1078 3788 omnes
1364 3691 1365 3744 i

261 3828 370 3896 Attolli
384 3827 491 3906 malos,
505 3825 622 3892 intendi
637 3826 768 3892 brachia
782 3827 870 3891 velis.
1364 3799 1365 3866 i

261 3931 334 3998 Una
348 3953 455 3996 omnes
470 3931 575 3996 secere
590 3931 723 4017 pedem3
744 3935 927 4018 pariterque
941 3933 1091 4013 sinistros,
1238 3939 1296 3998 888

260 4037 351 4102 Nunc
366 4035 503 4114 dextros,
518 4033 641 4098 solvere
655 4039 760 4114 sinus3
781 4035 842 4099 und
857 4034 957 4100 ardua
972 4049 1118 4122 torquent

260 4139 398 4222 Cornua,
412 4137 679 4224 detorquentque:
703 4141 805 4204 ierunt
820 4162 876 4205 sua
891 4137 1018 4206 flamina
1031 4136 1177 4207 classem.
