2772 4998
511 407 627 474 LIBER
646 411 721 474 viu.

134 567 232 634 Tanta
245 568 328 633 mole
341 571 403 634 viri
417 571 535 634 turritis
549 569 705 656 puppibus
718 572 842 636 instant.

134 672 266 758 Stuppea
280 671 405 736 flamma
418 693 522 752 manu,
537 671 666 758 telisque
680 672 808 738 volatile
822 674 938 740 serrum

133 773 308 860 Spargitur:
332 794 409 838 arva
422 773 503 838 nova
518 773 675 860 Neptunia
689 774 777 840 caede
791 776 969 842 rubescunt.
1096 780 1158 841 695

133 874 252 963 Regina
265 879 298 942 in
312 875 424 942 mediis
437 878 541 963 patrio
553 890 646 944 vocat
660 881 783 965 agmina
797 883 906 958 sistro3
948 919 951 926 ‹

133 978 272 1045 Necdum
286 981 378 1045 etiam
392 984 531 1067 geminos
547 1003 566 1046 a
581 994 668 1068 tergo
682 983 810 1068 respicit
824 1003 949 1072 angues.

131 1081 395 1168 Omnigentimque
409 1081 504 1148 dedm
518 1097 665 1166 monstra,
679 1096 711 1147 et
725 1083 854 1150 latrator
867 1085 995 1167 Anubis,

131 1182 246 1250 Contra
261 1184 437 1270 Neptunum
452 1199 484 1250 et
500 1186 667 1267 Venerem,
680 1200 851 1274 contraque
866 1189 1049 1272 Minervam,
1082 1219 1097 1247 κ

130 1286 207 1352 Tela
221 1300 345 1354 teuent:
366 1292 452 1354 sevit
466 1288 571 1354 medio
584 1293 618 1354 in
631 1292 801 1356 certamine
815 1292 942 1356 Mavors
1096 1299 1156 1358 700
1177 1347 1185 1362 .

131 1387 264 1454 Celatus
278 1392 371 1471 ferro,
386 1392 549 1476 tristesque
565 1415 605 1457 ex
620 1393 737 1458 aethere
753 1393 860 1474 Dirae3

131 1491 168 1556 Et
180 1493 277 1558 scissa
290 1494 429 1581 gaudens
443 1496 531 1562 vadit
546 1495 714 1560 Discordia
728 1495 833 1582 palla;

130 1595 228 1677 Quam
241 1619 313 1662 curn
327 1599 495 1684 sanguineo
510 1603 650 1686 sequitur
664 1599 795 1666 Bellona
810 1599 942 1688 flagello.

131 1700 234 1764 Actius
248 1700 317 1765 hmo
331 1723 462 1766 cernens
476 1723 583 1766 arcum
597 1701 778 1768 intendebat
791 1702 904 1789 Apollo

122 1797 287 1887 Desuper:
309 1806 410 1869 omnis
425 1825 462 1868 eo
477 1816 596 1870 terrore
611 1804 773 1892 AEgyptus‚
789 1818 820 1868 et
833 1805 910 1886 Indi,
1093 1811 1152 1872 705

129 1901 233 1968 Omnis
246 1905 361 1986 Arabs,
374 1927 482 1972 omnes
496 1906 660 1972 vertebant
674 1920 761 1994 terga
777 1908 890 1972 Sabaei.

130 2003 195 2090 lpsa
207 2007 376 2073 videbatur
389 2010 489 2074 ventis
503 2013 611 2098 regina
624 2011 743 2074 vocatis

127 2105 206 2174 Vela
221 2108 310 2190 dare,
325 2125 357 2176 et
369 2109 458 2176 laxos
468 2113 535 2198 jam
544 2114 671 2200 jamque
686 2113 850 2178 immittere
864 2115 961 2180 funes.

129 2207 210 2276 Illam
226 2212 435 2294 intercades,
453 2213 620 2300 pallentem
634 2227 732 2280 morte
747 2215 858 2296 futura,

127 2311 255 2380 Fecerat
270 2317 444 2402 ignipotens
458 2315 549 2383 undis
564 2329 595 2380 et
610 2317 728 2404 Iapyge
743 2318 818 2382 ferri
833 2342 841 2381 ε
1091 2326 1152 2386 710

127 2413 239 2481 Contra
254 2431 359 2484 autem
372 2427 489 2510 magud
497 2433 680 2484 moerentem
693 2442 826 2506 corpore
842 2419 955 2502 Nilum,

128 2515 376 2604 Pandentemque
389 2520 483 2601 sinus,
498 2533 529 2584 et
543 2519 608 2585 tota
622 2535 708 2585 veste
723 2535 885 2588 vocantem

126 2617 299 2686 Ceruleum
313 2625 346 2686 in
358 2625 511 2708 gremium
525 2621 745 2707 latebrosaque
760 2623 885 2689 flumina
900 2629 1010 2690 victos.

127 2723 164 2785 At
177 2721 296 2804 Caesar,
311 2723 426 2809 triplici
439 2728 580 2790 invectus
595 2723 739 2790 Romana
753 2726 917 2813 triumpho

124 2821 248 2907 Moenia,
262 2826 314 2892 dis
328 2819 413 2892 Italis
427 2839 532 2892 votum
546 2825 719 2894 immortale
734 2829 890 2910 sacrabat,
1090 2837 1149 2896 715

125 2923 260 2994 Maxima
277 2941 326 2994 ter
338 2941 462 2994 centum
476 2940 572 2994 totam
585 2927 718 2993 delubra
731 2951 789 3015 per
802 2929 923 2996 urbem.

125 3025 241 3095 Laetitia
257 3031 401 3118 ludisque
416 3035 475 3096 viae
486 3030 657 3116 plausuque
672 3032 862 3098 fremebant:

124 3129 271 3198 Omnibus
285 3133 317 3198 in
332 3131 456 3219 templis
470 3145 601 3198 matrum
615 3133 738 3216 chorus,
752 3135 895 3199 omnibus
910 3157 991 3201 arae:

124 3233 199 3297 Ante
214 3256 288 3299 aras
302 3248 419 3300 terram
433 3239 508 3300 caesi
521 3233 661 3300 stravere
671 3237 811 3323 juvenci.

124 3331 198 3420 lpse,
211 3337 326 3402 sedens
340 3341 433 3404 niveo
447 3335 609 3404 candentis
624 3337 728 3402 limine
745 3337 865 3420 Phoebi,
1088 3347 1163 3428 700,

122 3433 210 3503 Dona
224 3444 422 3526 recognoscit
435 3439 630 3527 populorum,
644 3452 792 3526 aptatque
806 3443 948 3528 superbis

123 3535 278 3608 Postibus:
301 3542 450 3608 incedunt
463 3544 553 3608 victae
569 3542 661 3630 longo
674 3543 784 3609 ordine
797 3558 914 3630 gentes,

122 3641 218 3723 Quam
231 3649 331 3712 variae
348 3647 470 3734 linguis,
484 3647 592 3712 habitu
607 3661 670 3714 tam
684 3651 779 3714 vestis
794 3662 824 3713 et
839 3649 943 3713 armis.

122 3742 183 3809 Hic
199 3747 378 3814 Nomadum
391 3771 488 3836 genus
502 3762 534 3814 et
547 3749 714 3814 discinctos
729 3749 886 3815 Mulciber
898 3752 1001 3833 Afros,

122 3843 183 3908 Hic
199 3847 346 3936 Lelegas,
360 3848 532 3936 Carasque,
547 3852 797 3937 sagittiferosque
811 3849 957 3932 Gelonos,
1087 3860 1146 3922 725

120 3943 278 4016 Fluxerat·
321 3951 499 4037 Euphrates
513 3953 581 4018 ibat
590 3955 655 4040 jam
669 3951 793 4017 mollior
806 3951 906 4033 undis,

120 4047 321 4138 Extremique
337 4055 495 4122 hominum
511 4056 635 4136 Morini,
650 4053 839 4142 Rhenusque
853 4054 1000 4137 bicornis,
