<?xml version="1.0" encoding="UTF-8"?>
<!DOCTYPE html PUBLIC "-//W3C//DTD XHTML 1.0 Transitional//EN"
    "http://www.w3.org/TR/xhtml1/DTD/xhtml1-transitional.dtd">
<html xmlns="http://www.w3.org/1999/xhtml" xml:lang="en" lang="en">
 <head>
  <title>
</title>
<meta http-equiv="Content-Type" content="text/html;charset=utf-8" />
  <meta name='ocr-system' content='tesseract 3.04.00' />
  <meta name='ocr-capabilities' content='ocr_page ocr_carea ocr_par ocr_line ocrx_word'/>
</head>
<body>
  <div class='ocr_page' id='page_1' title='image "./bucolicageorgic00goulgoog/bucolicageorgic00goulgoog_0109.png"; bbox 0 0 2890 5002; ppageno 0'>
   <div class='ocr_carea' id='block_1_1' title="bbox 629 381 813 446">
    <p class='ocr_par' dir='ltr' id='par_1_1' title="bbox 629 381 813 446">
     <span class='ocr_line' id='line_1_1' title="bbox 629 381 813 446; baseline 0.005 -4"><span class='ocrx_word' id='word_1_1' title='bbox 629 381 744 446; x_wconf 72' lang='lat' dir='ltr'>trusit</span> <span class='ocrx_word' id='word_1_2' title='bbox 765 383 813 444; x_wconf 80' lang='lat' dir='ltr'>lv.</span> 
     </span>
    </p>
   </div>
   <div class='ocr_carea' id='block_1_2' title="bbox 169 533 1262 4219">
    <p class='ocr_par' dir='ltr' id='par_1_2' title="bbox 221 533 991 727">
     <span class='ocr_line' id='line_1_2' title="bbox 221 533 905 622; baseline 0.004 -21"><span class='ocrx_word' id='word_1_3' title='bbox 221 534 337 602; x_wconf 82' lang='lat' dir='ltr'>Donec</span> <span class='ocrx_word' id='word_1_4' title='bbox 353 533 421 600; x_wconf 81' lang='lat' dir='ltr'>talis</span> <span class='ocrx_word' id='word_1_5' title='bbox 436 533 493 603; x_wconf 84' lang='lat' dir='ltr'>erit</span> <span class='ocrx_word' id='word_1_6' title='bbox 507 546 623 603; x_wconf 83' lang='lat' dir='ltr'>mutatu</span> <span class='ocrx_word' id='word_1_7' title='bbox 637 557 767 622; x_wconf 85' lang='lat' dir='ltr'>corpore</span> <span class='ocrx_word' id='word_1_8' title='bbox 783 538 905 622; x_wconf 76' lang='lat' dir='ltr'>qualem</span> 
     </span>
     <span class='ocr_line' id='line_1_3' title="bbox 221 639 991 727; baseline 0.003 -21"><span class='ocrx_word' id='word_1_9' title='bbox 221 639 350 706; x_wconf 68' lang='lat' dir='ltr'>Videris</span> <span class='ocrx_word' id='word_1_10' title='bbox 364 643 487 726; x_wconf 85' lang='lat' dir='ltr'>incepto</span> <span class='ocrx_word' id='word_1_11' title='bbox 504 655 622 726; x_wconf 79' lang='lat' dir='ltr'>tegeret</span> <span class='ocrx_word' id='word_1_12' title='bbox 633 663 727 727; x_wconf 88' lang='lat' dir='ltr'>quum</span> <span class='ocrx_word' id='word_1_13' title='bbox 743 644 857 708; x_wconf 88' lang='lat' dir='ltr'>lumina</span> <span class='ocrx_word' id='word_1_14' title='bbox 872 663 991 708; x_wconf 88' lang='lat' dir='ltr'>somno.</span> 
     </span>
    </p>

    <p class='ocr_par' dir='ltr' id='par_1_3' title="bbox 169 747 1262 4219">
     <span class='ocr_line' id='line_1_4' title="bbox 271 747 1257 832; baseline 0.008 -20"><span class='ocrx_word' id='word_1_15' title='bbox 271 747 348 812; x_wconf 85' lang='lat' dir='ltr'>liaec</span> <span class='ocrx_word' id='word_1_16' title='bbox 364 749 416 825; x_wconf 82' lang='lat' dir='ltr'>sit,</span> <span class='ocrx_word' id='word_1_17' title='bbox 432 761 464 812; x_wconf 87' lang='lat' dir='ltr'>et</span> <span class='ocrx_word' id='word_1_18' title='bbox 479 748 627 832; x_wconf 82' lang='lat' dir='ltr'>liquidum</span> <span class='ocrx_word' id='word_1_19' title='bbox 643 750 801 816; x_wconf 77' lang='lat' dir='ltr'>ambrosiae</span> <span class='ocrx_word' id='word_1_20' title='bbox 819 750 959 816; x_wconf 80' lang='lat' dir='ltr'>diffundit</span> <span class='ocrx_word' id='word_1_21' title='bbox 974 751 1114 832; x_wconf 85' lang='lat' dir='ltr'>odorem,</span> <span class='ocrx_word' id='word_1_22' title='bbox 1191 761 1257 820; x_wconf 77' lang='lat'>415</span> 
     </span>
     <span class='ocr_line' id='line_1_5' title="bbox 222 854 907 940; baseline 0.003 -22"><span class='ocrx_word' id='word_1_23' title='bbox 222 854 300 929; x_wconf 82' lang='lat' dir='ltr'>Quo</span> <span class='ocrx_word' id='word_1_24' title='bbox 315 870 409 920; x_wconf 89' lang='lat' dir='ltr'>toturn</span> <span class='ocrx_word' id='word_1_25' title='bbox 425 854 487 918; x_wconf 87' lang='lat' dir='ltr'>nati</span> <span class='ocrx_word' id='word_1_26' title='bbox 503 875 616 939; x_wconf 83' lang='lat' dir='ltr'>corpus</span> <span class='ocrx_word' id='word_1_27' title='bbox 631 856 797 940; x_wconf 83' lang='lat' dir='ltr'>perduxit:</span> <span class='ocrx_word' id='word_1_28' title='bbox 821 857 907 923; x_wconf 89' lang='lat' dir='ltr'>atilli</span> 
     </span>
     <span class='ocr_line' id='line_1_6' title="bbox 222 959 912 1043; baseline 0.003 -19"><span class='ocrx_word' id='word_1_29' title='bbox 222 959 336 1024; x_wconf 84' lang='lat' dir='ltr'>Dulcis</span> <span class='ocrx_word' id='word_1_30' title='bbox 352 959 527 1042; x_wconf 70' lang='lat' dir='ltr'>compositis</span> <span class='ocrx_word' id='word_1_31' title='bbox 542 959 667 1043; x_wconf 82' lang='lat' dir='ltr'>spiravit</span> <span class='ocrx_word' id='word_1_32' title='bbox 683 960 817 1030; x_wconf 81' lang='lat' dir='ltr'><strong>crinibus</strong></span> <span class='ocrx_word' id='word_1_33' title='bbox 829 981 912 1042; x_wconf 85' lang='lat' dir='ltr'>aure,</span> 
     </span>
     <span class='ocr_line' id='line_1_7' title="bbox 220 1066 1164 1158; baseline 0.011 -29"><span class='ocrx_word' id='word_1_34' title='bbox 220 1067 329 1151; x_wconf 84' lang='lat' dir='ltr'>Atque</span> <span class='ocrx_word' id='word_1_35' title='bbox 344 1067 451 1132; x_wconf 88' lang='lat' dir='ltr'>habilis</span> <span class='ocrx_word' id='word_1_36' title='bbox 466 1066 612 1132; x_wconf 83' lang='lat' dir='ltr'>membris</span> <span class='ocrx_word' id='word_1_37' title='bbox 628 1069 712 1130; x_wconf 80' lang='lat' dir='ltr'>venit</span> <span class='ocrx_word' id='word_1_38' title='bbox 726 1069 822 1152; x_wconf 79' lang='lat' dir='ltr'>vigor.</span> <span class='ocrx_word' id='word_1_39' title='bbox 847 1067 905 1134; x_wconf 84' lang='lat' dir='ltr'>Est</span> <span class='ocrx_word' id='word_1_40' title='bbox 921 1090 1033 1155; x_wconf 77' lang='lat' dir='ltr'><strong>specus</strong></span> <span class='ocrx_word' id='word_1_41' title='bbox 1048 1072 1164 1158; x_wconf 75' lang='lat' dir='ltr'>ingens</span> 
     </span>
     <span class='ocr_line' id='line_1_8' title="bbox 221 1171 949 1258; baseline 0.008 -22"><span class='ocrx_word' id='word_1_42' title='bbox 221 1171 323 1236; x_wconf 81' lang='lat' dir='ltr'>Exesi</span> <span class='ocrx_word' id='word_1_43' title='bbox 339 1172 435 1238; x_wconf 80' lang='lat' dir='ltr'>latere</span> <span class='ocrx_word' id='word_1_44' title='bbox 450 1173 480 1237; x_wconf 94' lang='lat' dir='ltr'>in</span> <span class='ocrx_word' id='word_1_45' title='bbox 496 1174 616 1250; x_wconf 81' lang='lat' dir='ltr'>montis,</span> <span class='ocrx_word' id='word_1_46' title='bbox 634 1171 696 1258; x_wconf 82' lang='lat' dir='ltr'>qub</span> <span class='ocrx_word' id='word_1_47' title='bbox 711 1174 841 1258; x_wconf 90' lang='lat' dir='ltr'>plurima</span> <span class='ocrx_word' id='word_1_48' title='bbox 858 1187 949 1242; x_wconf 86' lang='lat' dir='ltr'>vento</span> 
     </span>
     <span class='ocr_line' id='line_1_9' title="bbox 219 1276 1256 1362; baseline 0.003 -20"><span class='ocrx_word' id='word_1_49' title='bbox 219 1276 363 1362; x_wconf 81' lang='lat' dir='ltr'>Cogimr,</span> <span class='ocrx_word' id='word_1_50' title='bbox 379 1279 472 1362; x_wconf 85' lang='lat' dir='ltr'>inque</span> <span class='ocrx_word' id='word_1_51' title='bbox 486 1277 570 1345; x_wconf 85' lang='lat' dir='ltr'>sinus</span> <span class='ocrx_word' id='word_1_52' title='bbox 585 1277 695 1343; x_wconf 81' lang='lat' dir='ltr'>scindit</span> <span class='ocrx_word' id='word_1_53' title='bbox 709 1299 779 1346; x_wconf 81' lang='lat' dir='ltr'>sese</span> <span class='ocrx_word' id='word_1_54' title='bbox 795 1279 878 1345; x_wconf 89' lang='lat' dir='ltr'>unda</span> <span class='ocrx_word' id='word_1_55' title='bbox 892 1281 1048 1362; x_wconf 83' lang='lat' dir='ltr'>reductos,</span> <span class='ocrx_word' id='word_1_56' title='bbox 1192 1285 1256 1351; x_wconf 75' lang='lat'>420</span> 
     </span>
     <span class='ocr_line' id='line_1_10' title="bbox 221 1383 881 1469; baseline 0.003 -21"><span class='ocrx_word' id='word_1_57' title='bbox 221 1383 393 1469; x_wconf 83' lang='lat' dir='ltr'>Deprensis</span> <span class='ocrx_word' id='word_1_58' title='bbox 409 1384 480 1448; x_wconf 87' lang='lat' dir='ltr'>olim</span> <span class='ocrx_word' id='word_1_59' title='bbox 496 1385 583 1453; x_wconf 83' lang='lat' dir='ltr'>statio</span> <span class='ocrx_word' id='word_1_60' title='bbox 598 1385 747 1453; x_wconf 80' lang='lat' dir='ltr'>tutissima</span> <span class='ocrx_word' id='word_1_61' title='bbox 761 1386 881 1450; x_wconf 76' lang='lat' dir='ltr'>mutis:</span> 
     </span>
     <span class='ocr_line' id='line_1_11' title="bbox 220 1487 895 1576; baseline 0.006 -24"><span class='ocrx_word' id='word_1_62' title='bbox 220 1487 308 1552; x_wconf 88' lang='lat' dir='ltr'>Intus</span> <span class='ocrx_word' id='word_1_63' title='bbox 323 1511 357 1552; x_wconf 84' lang='lat' dir='ltr'>se</span> <span class='ocrx_word' id='word_1_64' title='bbox 373 1489 449 1552; x_wconf 82' lang='lat' dir='ltr'>vasti</span> <span class='ocrx_word' id='word_1_65' title='bbox 464 1488 597 1554; x_wconf 87' lang='lat' dir='ltr'>Proteus</span> <span class='ocrx_word' id='word_1_66' title='bbox 612 1490 687 1574; x_wconf 72' lang='lat' dir='ltr'>tegit</span> <span class='ocrx_word' id='word_1_67' title='bbox 700 1489 801 1576; x_wconf 82' lang='lat' dir='ltr'>objice</span> <span class='ocrx_word' id='word_1_68' title='bbox 817 1493 895 1567; x_wconf 84' lang='lat' dir='ltr'>saxi.</span> 
     </span>
     <span class='ocr_line' id='line_1_12' title="bbox 218 1593 1111 1688; baseline 0.008 -29"><span class='ocrx_word' id='word_1_69' title='bbox 218 1593 285 1659; x_wconf 87' lang='lat' dir='ltr'>Hic</span> <span class='ocrx_word' id='word_1_70' title='bbox 296 1596 443 1688; x_wconf 87' lang='lat' dir='ltr'>juvenem</span> <span class='ocrx_word' id='word_1_71' title='bbox 459 1596 489 1660; x_wconf 88' lang='lat' dir='ltr'>in</span> <span class='ocrx_word' id='word_1_72' title='bbox 505 1595 628 1661; x_wconf 84' lang='lat' dir='ltr'>latebris</span> <span class='ocrx_word' id='word_1_73' title='bbox 643 1617 784 1662; x_wconf 85' lang='lat' dir='ltr'>aversum</span> <span class='ocrx_word' id='word_1_74' title='bbox 801 1597 947 1665; x_wconf 87' lang='lat' dir='ltr'>alumine</span> <span class='ocrx_word' id='word_1_75' title='bbox 963 1598 1111 1688; x_wconf 81' lang='lat' dir='ltr'>Nympha</span> 
     </span>
     <span class='ocr_line' id='line_1_13' title="bbox 218 1699 1016 1785; baseline -0.001 -16"><span class='ocrx_word' id='word_1_76' title='bbox 218 1699 385 1770; x_wconf 87' lang='lat' dir='ltr'>Collocat:</span> <span class='ocrx_word' id='word_1_77' title='bbox 407 1700 473 1784; x_wconf 86' lang='lat' dir='ltr'>ipsa</span> <span class='ocrx_word' id='word_1_78' title='bbox 488 1701 596 1785; x_wconf 79' lang='lat' dir='ltr'>procul</span> <span class='ocrx_word' id='word_1_79' title='bbox 610 1700 731 1766; x_wconf 83' lang='lat' dir='ltr'>nebulis</span> <span class='ocrx_word' id='word_1_80' title='bbox 746 1702 878 1769; x_wconf 79' lang='lat' dir='ltr'>obseura</span> <span class='ocrx_word' id='word_1_81' title='bbox 893 1705 1016 1770; x_wconf 80' lang='lat' dir='ltr'>resistit.</span> 
     </span>
     <span class='ocr_line' id='line_1_14' title="bbox 216 1805 1251 1890; baseline 0.004 -20"><span class='ocrx_word' id='word_1_82' title='bbox 216 1805 292 1876; x_wconf 85' lang='lat' dir='ltr'>Jnm</span> <span class='ocrx_word' id='word_1_83' title='bbox 308 1806 432 1890; x_wconf 87' lang='lat' dir='ltr'>rapidus</span> <span class='ocrx_word' id='word_1_84' title='bbox 447 1819 565 1875; x_wconf 79' lang='lat' dir='ltr'>terrens</span> <span class='ocrx_word' id='word_1_85' title='bbox 579 1805 716 1870; x_wconf 83' lang='lat' dir='ltr'>sitientes</span> <span class='ocrx_word' id='word_1_86' title='bbox 732 1807 830 1872; x_wconf 88' lang='lat' dir='ltr'>Sirius</span> <span class='ocrx_word' id='word_1_87' title='bbox 843 1808 938 1874; x_wconf 89' lang='lat' dir='ltr'>lndos</span> <span class='ocrx_word' id='word_1_88' title='bbox 1186 1817 1251 1876; x_wconf 78' lang='lat'>425</span> 
     </span>
     <span class='ocr_line' id='line_1_15' title="bbox 219 1895 1041 1998; baseline 0.002 -20"><span class='ocrx_word' id='word_1_89' title='bbox 219 1913 373 1990; x_wconf 79' lang='lat' dir='ltr'>Ardebat,</span> <span class='ocrx_word' id='word_1_90' title='bbox 388 1912 469 1978; x_wconf 84' lang='lat' dir='ltr'>eoelo</span> <span class='ocrx_word' id='word_1_91' title='bbox 485 1925 518 1976; x_wconf 88' lang='lat' dir='ltr'>et</span> <span class='ocrx_word' id='word_1_92' title='bbox 532 1912 669 1977; x_wconf 89' lang='lat' dir='ltr'>medium</span> <span class='ocrx_word' id='word_1_93' title='bbox 683 1913 730 1978; x_wconf 86' lang='lat' dir='ltr'>sol</span> <span class='ocrx_word' id='word_1_94' title='bbox 745 1913 852 1998; x_wconf 76' lang='lat' dir='ltr'>igneus</span> <span class='ocrx_word' id='word_1_95' title='bbox 867 1916 974 1983; x_wconf 84' lang='lat' dir='ltr'>orbem</span> <span class='ocrx_word' id='word_1_96' title='bbox 1038 1895 1041 1905; x_wconf 38' lang='lat'>¹</span> 
     </span>
     <span class='ocr_line' id='line_1_16' title="bbox 169 2017 1061 2103; baseline 0.006 -19"><span class='ocrx_word' id='word_1_97' title='bbox 169 2091 173 2103; x_wconf 52' lang='grc'><strong>,</strong></span> <span class='ocrx_word' id='word_1_98' title='bbox 219 2019 401 2095; x_wconf 81' lang='lat' dir='ltr'>Hauserat3</span> <span class='ocrx_word' id='word_1_99' title='bbox 424 2018 550 2082; x_wconf 79' lang='lat' dir='ltr'>erebant</span> <span class='ocrx_word' id='word_1_100' title='bbox 564 2017 679 2096; x_wconf 79' lang='lat' dir='ltr'>herbe,</span> <span class='ocrx_word' id='word_1_101' title='bbox 695 2033 727 2084; x_wconf 86' lang='lat' dir='ltr'>et</span> <span class='ocrx_word' id='word_1_102' title='bbox 742 2039 819 2096; x_wconf 86' lang='lat' dir='ltr'>nava</span> <span class='ocrx_word' id='word_1_103' title='bbox 834 2020 959 2089; x_wconf 82' lang='lat' dir='ltr'>flumine</span> <span class='ocrx_word' id='word_1_104' title='bbox 971 2022 1061 2089; x_wconf 87' lang='lat' dir='ltr'>siccis</span> 
     </span>
     <span class='ocr_line' id='line_1_17' title="bbox 219 2087 1033 2212; baseline 0.002 -24"><span class='ocrx_word' id='word_1_105' title='bbox 219 2123 381 2190; x_wconf 83' lang='lat' dir='ltr'>Faucibus</span> <span class='ocrx_word' id='word_1_106' title='bbox 396 2123 434 2190; x_wconf 82' lang='lat' dir='ltr'>etl</span> <span class='ocrx_word' id='word_1_107' title='bbox 451 2122 559 2189; x_wconf 86' lang='lat' dir='ltr'>limum</span> <span class='ocrx_word' id='word_1_108' title='bbox 573 2123 650 2191; x_wconf 86' lang='lat' dir='ltr'>radii</span> <span class='ocrx_word' id='word_1_109' title='bbox 665 2087 821 2208; x_wconf 54' lang='lat' dir='ltr'>tepefacta</span> <span class='ocrx_word' id='word_1_110' title='bbox 836 2128 1033 2212; x_wconf 79' lang='lat' dir='ltr'>coquebant3</span> 
     </span>
     <span class='ocr_line' id='line_1_18' title="bbox 217 2221 1054 2312; baseline 0.006 -19"><span class='ocrx_word' id='word_1_111' title='bbox 217 2230 326 2308; x_wconf 81' lang='lat' dir='ltr'>Quum</span> <span class='ocrx_word' id='word_1_112' title='bbox 343 2229 475 2295; x_wconf 85' lang='lat' dir='ltr'>Proteus</span> <span class='ocrx_word' id='word_1_113' title='bbox 490 2242 637 2306; x_wconf 80' lang='lat' dir='ltr'>consuete</span> <span class='ocrx_word' id='word_1_114' title='bbox 651 2243 792 2312; x_wconf 76' lang='lat' dir='ltr'>petenen</span> <span class='ocrx_word' id='word_1_115' title='bbox 809 2229 951 2308; x_wconf 84' lang='lat' dir='ltr'>fluctibus</span> <span class='ocrx_word' id='word_1_116' title='bbox 966 2221 1054 2298; x_wconf 67' lang='lat' dir='ltr'>sutri</span> 
     </span>
     <span class='ocr_line' id='line_1_19' title="bbox 215 2335 1251 2424; baseline 0.001 -20"><span class='ocrx_word' id='word_1_117' title='bbox 215 2336 310 2416; x_wconf 59' lang='lat' dir='ltr'>thau</span> <span class='ocrx_word' id='word_1_118' title='bbox 332 2355 403 2399; x_wconf 87' lang='lat' dir='ltr'>eum</span> <span class='ocrx_word' id='word_1_119' title='bbox 418 2335 495 2401; x_wconf 84' lang='lat' dir='ltr'>vasti</span> <span class='ocrx_word' id='word_1_120' title='bbox 510 2337 626 2400; x_wconf 77' lang='lat' dir='ltr'>cunum</span> <span class='ocrx_word' id='word_1_121' title='bbox 649 2355 726 2418; x_wconf 78' lang='lat' dir='ltr'>gens</span> <span class='ocrx_word' id='word_1_122' title='bbox 740 2335 866 2402; x_wconf 82' lang='lat' dir='ltr'>humide</span> <span class='ocrx_word' id='word_1_123' title='bbox 881 2339 965 2424; x_wconf 86' lang='lat' dir='ltr'>ponti</span> <span class='ocrx_word' id='word_1_124' title='bbox 1186 2344 1251 2406; x_wconf 79' lang='lat'>430</span> 
     </span>
     <span class='ocr_line' id='line_1_20' title="bbox 217 2438 906 2526; baseline -0.007 -18"><span class='ocrx_word' id='word_1_125' title='bbox 217 2442 389 2508; x_wconf 79' lang='lat' dir='ltr'>Exsultens</span> <span class='ocrx_word' id='word_1_126' title='bbox 404 2462 505 2505; x_wconf 87' lang='lat' dir='ltr'>rorem</span> <span class='ocrx_word' id='word_1_127' title='bbox 521 2438 581 2507; x_wconf 76' lang='lat' dir='ltr'>late</span> <span class='ocrx_word' id='word_1_128' title='bbox 598 2440 741 2526; x_wconf 87' lang='lat' dir='ltr'>dispersit</span> <span class='ocrx_word' id='word_1_129' title='bbox 756 2460 906 2508; x_wconf 82' lang='lat' dir='ltr'>amarum.</span> 
     </span>
     <span class='ocr_line' id='line_1_21' title="bbox 216 2541 975 2631; baseline -0.004 -17"><span class='ocrx_word' id='word_1_130' title='bbox 216 2550 366 2614; x_wconf 83' lang='lat' dir='ltr'>Sternunt</span> <span class='ocrx_word' id='word_1_131' title='bbox 379 2567 414 2617; x_wconf 82' lang='lat' dir='ltr'>se</span> <span class='ocrx_word' id='word_1_132' title='bbox 429 2541 537 2612; x_wconf 87' lang='lat' dir='ltr'>snmn&#39;o</span> <span class='ocrx_word' id='word_1_133' title='bbox 554 2544 680 2617; x_wconf 75' lang='lat' dir='ltr'>diverse</span> <span class='ocrx_word' id='word_1_134' title='bbox 697 2546 727 2610; x_wconf 88' lang='lat' dir='ltr'>in</span> <span class='ocrx_word' id='word_1_135' title='bbox 743 2545 842 2610; x_wconf 87' lang='lat' dir='ltr'>littore</span> <span class='ocrx_word' id='word_1_136' title='bbox 858 2549 975 2631; x_wconf 70' lang='lat' dir='ltr'>phone.</span> 
     </span>
     <span class='ocr_line' id='line_1_22' title="bbox 213 2650 1024 2744; baseline -0.002 -26"><span class='ocrx_word' id='word_1_137' title='bbox 213 2654 301 2741; x_wconf 86' lang='lat' dir='ltr'>lpse,</span> <span class='ocrx_word' id='word_1_138' title='bbox 316 2653 399 2718; x_wconf 85' lang='lat' dir='ltr'>velut</span> <span class='ocrx_word' id='word_1_139' title='bbox 412 2651 520 2716; x_wconf 83' lang='lat' dir='ltr'>stabuli</span> <span class='ocrx_word' id='word_1_140' title='bbox 536 2664 640 2718; x_wconf 86' lang='lat' dir='ltr'>eustos</span> <span class='ocrx_word' id='word_1_141' title='bbox 655 2651 685 2714; x_wconf 89' lang='lat' dir='ltr'>in</span> <span class='ocrx_word' id='word_1_142' title='bbox 701 2650 853 2716; x_wconf 88' lang='lat' dir='ltr'>montibus</span> <span class='ocrx_word' id='word_1_143' title='bbox 867 2651 951 2728; x_wconf 85' lang='lat' dir='ltr'>olim,</span> <span class='ocrx_word' id='word_1_144' title='bbox 1020 2735 1024 2744; x_wconf 24' lang='grc' dir='ltr'>ι</span> 
     </span>
     <span class='ocr_line' id='line_1_23' title="bbox 212 2755 965 2845; baseline 0 -23"><span class='ocrx_word' id='word_1_145' title='bbox 212 2759 339 2845; x_wconf 84' lang='lat' dir='ltr'>Vesper</span> <span class='ocrx_word' id='word_1_146' title='bbox 354 2759 404 2822; x_wconf 89' lang='lat' dir='ltr'>ubi</span> <span class='ocrx_word' id='word_1_147' title='bbox 420 2771 542 2843; x_wconf 79' lang='lat' dir='ltr'>speetu</span> <span class='ocrx_word' id='word_1_148' title='bbox 558 2755 668 2824; x_wconf 79' lang='lat' dir='ltr'>vitulos</span> <span class='ocrx_word' id='word_1_149' title='bbox 683 2757 723 2823; x_wconf 85' lang='lat' dir='ltr'>ad</span> <span class='ocrx_word' id='word_1_150' title='bbox 739 2769 821 2826; x_wconf 81' lang='lat' dir='ltr'>tecta</span> <span class='ocrx_word' id='word_1_151' title='bbox 836 2759 965 2834; x_wconf 82' lang='lat' dir='ltr'>reducit,</span> 
     </span>
     <span class='ocr_line' id='line_1_24' title="bbox 211 2861 1249 2947; baseline 0.003 -16"><span class='ocrx_word' id='word_1_152' title='bbox 211 2865 400 2947; x_wconf 80' lang='lat' dir='ltr'>Auditisque</span> <span class='ocrx_word' id='word_1_153' title='bbox 414 2862 503 2946; x_wconf 90' lang='lat' dir='ltr'>lupos</span> <span class='ocrx_word' id='word_1_154' title='bbox 519 2875 631 2932; x_wconf 79' lang='lat' dir='ltr'>acuunt</span> <span class='ocrx_word' id='word_1_155' title='bbox 646 2861 795 2926; x_wconf 86' lang='lat' dir='ltr'>balatibus</span> <span class='ocrx_word' id='word_1_156' title='bbox 812 2863 892 2946; x_wconf 77' lang='lat' dir='ltr'>agni,</span> <span class='ocrx_word' id='word_1_157' title='bbox 1184 2873 1249 2935; x_wconf 82' lang='grc'>435</span> 
     </span>
     <span class='ocr_line' id='line_1_25' title="bbox 214 2969 1052 3054; baseline -0.005 -16"><span class='ocrx_word' id='word_1_158' title='bbox 214 2970 361 3038; x_wconf 73' lang='lat' dir='ltr'>cossim</span> <span class='ocrx_word' id='word_1_159' title='bbox 371 2969 499 3053; x_wconf 75' lang='lat' dir='ltr'>snopno</span> <span class='ocrx_word' id='word_1_160' title='bbox 515 2969 645 3046; x_wconf 87' lang='lat' dir='ltr'>medius,</span> <span class='ocrx_word' id='word_1_161' title='bbox 661 2989 884 3054; x_wconf 85' lang='lat' dir='ltr'>numerumque</span> <span class='ocrx_word' id='word_1_162' title='bbox 900 2985 1052 3036; x_wconf 84' lang='lat' dir='ltr'>recenset.</span> 
     </span>
     <span class='ocr_line' id='line_1_26' title="bbox 212 3073 1023 3163; baseline -0.001 -22"><span class='ocrx_word' id='word_1_163' title='bbox 212 3075 316 3163; x_wconf 84' lang='lat' dir='ltr'>Cujus</span> <span class='ocrx_word' id='word_1_164' title='bbox 330 3077 461 3142; x_wconf 78' lang='lat' dir='ltr'>Aristeu</span> <span class='ocrx_word' id='word_1_165' title='bbox 476 3075 621 3160; x_wconf 89' lang='lat' dir='ltr'>quoniam</span> <span class='ocrx_word' id='word_1_166' title='bbox 634 3087 681 3138; x_wconf 87' lang='lat' dir='ltr'>est</span> <span class='ocrx_word' id='word_1_167' title='bbox 695 3073 797 3140; x_wconf 87' lang='lat' dir='ltr'>oblata</span> <span class='ocrx_word' id='word_1_168' title='bbox 812 3073 950 3155; x_wconf 78' lang='lat' dir='ltr'>facultas,</span> <span class='ocrx_word' id='word_1_169' title='bbox 1014 3095 1023 3110; x_wconf 51' lang='lat' dir='ltr'><em>f</em></span> 
     </span>
     <span class='ocr_line' id='line_1_27' title="bbox 210 3179 1027 3264; baseline 0.002 -20"><span class='ocrx_word' id='word_1_170' title='bbox 210 3179 278 3246; x_wconf 76' lang='lat' dir='ltr'>vix</span> <span class='ocrx_word' id='word_1_171' title='bbox 294 3181 419 3247; x_wconf 81' lang='lat' dir='ltr'>defessa</span> <span class='ocrx_word' id='word_1_172' title='bbox 435 3200 541 3246; x_wconf 80' lang='lat' dir='ltr'>senem</span> <span class='ocrx_word' id='word_1_173' title='bbox 553 3199 661 3264; x_wconf 83' lang='lat' dir='ltr'>pessus</span> <span class='ocrx_word' id='word_1_174' title='bbox 677 3199 862 3263; x_wconf 83' lang='lat' dir='ltr'>componere</span> <span class='ocrx_word' id='word_1_175' title='bbox 878 3181 1027 3260; x_wconf 86' lang='lat' dir='ltr'>membra,</span> 
     </span>
     <span class='ocr_line' id='line_1_28' title="bbox 209 3284 1031 3370; baseline -0.002 -20"><span class='ocrx_word' id='word_1_176' title='bbox 209 3284 298 3350; x_wconf 89' lang='lat' dir='ltr'>Cum</span> <span class='ocrx_word' id='word_1_177' title='bbox 314 3287 448 3352; x_wconf 84' lang='lat' dir='ltr'>clamere</span> <span class='ocrx_word' id='word_1_178' title='bbox 464 3285 524 3350; x_wconf 89' lang='lat' dir='ltr'>ruit</span> <span class='ocrx_word' id='word_1_179' title='bbox 538 3305 660 3368; x_wconf 70' lang='lat' dir='ltr'>magno,</span> <span class='ocrx_word' id='word_1_180' title='bbox 676 3285 864 3368; x_wconf 84' lang='lat' dir='ltr'>manicisque</span> <span class='ocrx_word' id='word_1_181' title='bbox 875 3284 1031 3370; x_wconf 82' lang='lat' dir='ltr'>jacentem</span> 
     </span>
     <span class='ocr_line' id='line_1_29' title="bbox 208 3383 1262 3477; baseline 0.002 -19"><span class='ocrx_word' id='word_1_182' title='bbox 208 3391 369 3477; x_wconf 80' lang='lat' dir='ltr'>Occupat.</span> <span class='ocrx_word' id='word_1_183' title='bbox 391 3391 532 3468; x_wconf 67' lang='lat' dir='ltr'>illustre</span> <span class='ocrx_word' id='word_1_184' title='bbox 548 3388 656 3456; x_wconf 72' lang='lat' dir='ltr'>contri</span> <span class='ocrx_word' id='word_1_185' title='bbox 670 3411 731 3456; x_wconf 88' lang='lat' dir='ltr'>non</span> <span class='ocrx_word' id='word_1_186' title='bbox 748 3391 911 3455; x_wconf 88' lang='lat' dir='ltr'>immemor</span> <span class='ocrx_word' id='word_1_187' title='bbox 927 3391 1009 3468; x_wconf 84' lang='lat' dir='ltr'>artis,</span> <span class='ocrx_word' id='word_1_188' title='bbox 1180 3383 1262 3460; x_wconf 79' lang='lat'>440&#39;</span> 
     </span>
     <span class='ocr_line' id='line_1_30' title="bbox 211 3495 960 3576; baseline -0.003 -14"><span class='ocrx_word' id='word_1_189' title='bbox 211 3497 329 3562; x_wconf 87' lang='lat' dir='ltr'>Omnia</span> <span class='ocrx_word' id='word_1_190' title='bbox 345 3498 622 3576; x_wconf 62' lang='lat' dir='ltr'>pronuntiasse</span> <span class='ocrx_word' id='word_1_191' title='bbox 639 3498 667 3562; x_wconf 95' lang='lat' dir='ltr'>in</span> <span class='ocrx_word' id='word_1_192' title='bbox 684 3495 832 3563; x_wconf 84' lang='lat' dir='ltr'>miracula</span> <span class='ocrx_word' id='word_1_193' title='bbox 847 3517 960 3573; x_wconf 88' lang='lat' dir='ltr'>rerum,</span> 
     </span>
     <span class='ocr_line' id='line_1_31' title="bbox 209 3601 1170 3691; baseline 0.004 -23"><span class='ocrx_word' id='word_1_194' title='bbox 209 3603 395 3691; x_wconf 78' lang='lat' dir='ltr'>ignemque,</span> <span class='ocrx_word' id='word_1_195' title='bbox 411 3605 649 3690; x_wconf 77' lang='lat' dir='ltr'>horribilemque</span> <span class='ocrx_word' id='word_1_196' title='bbox 665 3601 774 3681; x_wconf 84' lang='lat' dir='ltr'>seram,</span> <span class='ocrx_word' id='word_1_197' title='bbox 791 3601 978 3686; x_wconf 83' lang='lat' dir='ltr'>fluviumque</span> <span class='ocrx_word' id='word_1_198' title='bbox 994 3602 1170 3690; x_wconf 88' lang='lat' dir='ltr'>liquentem.</span> 
     </span>
     <span class='ocr_line' id='line_1_32' title="bbox 209 3705 1014 3795; baseline -0.001 -23"><span class='ocrx_word' id='word_1_199' title='bbox 209 3709 331 3774; x_wconf 86' lang='lat' dir='ltr'>Verrim</span> <span class='ocrx_word' id='word_1_200' title='bbox 345 3711 398 3774; x_wconf 89' lang='lat' dir='ltr'>ubi</span> <span class='ocrx_word' id='word_1_201' title='bbox 414 3711 497 3776; x_wconf 89' lang='lat' dir='ltr'>nulla</span> <span class='ocrx_word' id='word_1_202' title='bbox 512 3711 616 3795; x_wconf 83' lang='lat' dir='ltr'>lugam</span> <span class='ocrx_word' id='word_1_203' title='bbox 632 3708 746 3793; x_wconf 85' lang='lat' dir='ltr'>reperit</span> <span class='ocrx_word' id='word_1_204' title='bbox 760 3705 901 3792; x_wconf 82' lang='lat' dir='ltr'>pellacia,</span> <span class='ocrx_word' id='word_1_205' title='bbox 917 3708 1014 3772; x_wconf 85' lang='lat' dir='ltr'>victus</span> 
     </span>
     <span class='ocr_line' id='line_1_33' title="bbox 210 3813 1058 3899; baseline -0.001 -18"><span class='ocrx_word' id='word_1_206' title='bbox 210 3816 248 3881; x_wconf 90' lang='lat' dir='ltr'>ln</span> <span class='ocrx_word' id='word_1_207' title='bbox 264 3837 333 3880; x_wconf 84' lang='lat' dir='ltr'>sese</span> <span class='ocrx_word' id='word_1_208' title='bbox 348 3817 439 3894; x_wconf 87' lang='lat' dir='ltr'>redit,</span> <span class='ocrx_word' id='word_1_209' title='bbox 456 3831 547 3899; x_wconf 86' lang='lat' dir='ltr'>atque</span> <span class='ocrx_word' id='word_1_210' title='bbox 563 3813 695 3882; x_wconf 84' lang='lat' dir='ltr'>bominis</span> <span class='ocrx_word' id='word_1_211' title='bbox 709 3813 833 3878; x_wconf 82' lang='lat' dir='ltr'>tandem</span> <span class='ocrx_word' id='word_1_212' title='bbox 850 3834 903 3878; x_wconf 87' lang='lat' dir='ltr'>ore</span> <span class='ocrx_word' id='word_1_213' title='bbox 920 3813 1058 3892; x_wconf 81' lang='lat' dir='ltr'>loeutusr</span> 
     </span>
     <span class='ocr_line' id='line_1_34' title="bbox 210 3919 1243 4007; baseline -0.006 -19"><span class='ocrx_word' id='word_1_214' title='bbox 210 3921 295 3988; x_wconf 77' lang='lat' dir='ltr'>Nem</span> <span class='ocrx_word' id='word_1_215' title='bbox 312 3922 381 4006; x_wconf 91' lang='lat' dir='ltr'>quis</span> <span class='ocrx_word' id='word_1_216' title='bbox 395 3935 438 3998; x_wconf 88' lang='lat' dir='ltr'>te,</span> <span class='ocrx_word' id='word_1_217' title='bbox 449 3921 599 4007; x_wconf 84' lang='lat' dir='ltr'>juvenum</span> <span class='ocrx_word' id='word_1_218' title='bbox 614 3919 884 3994; x_wconf 77' lang='lat' dir='ltr'>confidentissime,</span> <span class='ocrx_word' id='word_1_219' title='bbox 899 3933 1017 3984; x_wconf 86' lang='lat' dir='ltr'>nostras</span> <span class='ocrx_word' id='word_1_220' title='bbox 1179 3927 1243 3986; x_wconf 88' lang='grc'>445</span> 
     </span>
     <span class='ocr_line' id='line_1_35' title="bbox 207 4023 1187 4111; baseline 0.001 -22"><span class='ocrx_word' id='word_1_221' title='bbox 207 4025 308 4090; x_wconf 84' lang='lat' dir='ltr'>Jnssit</span> <span class='ocrx_word' id='word_1_222' title='bbox 324 4026 410 4090; x_wconf 88' lang='lat' dir='ltr'>adire</span> <span class='ocrx_word' id='word_1_223' title='bbox 426 4026 562 4090; x_wconf 84' lang='lat' dir='ltr'>domus?</span> <span class='ocrx_word' id='word_1_224' title='bbox 588 4026 700 4111; x_wconf 81' lang='lat' dir='ltr'>quidve</span> <span class='ocrx_word' id='word_1_225' title='bbox 715 4024 786 4088; x_wconf 86' lang='lat' dir='ltr'>hine</span> <span class='ocrx_word' id='word_1_226' title='bbox 802 4023 907 4108; x_wconf 78' lang='lat' dir='ltr'>petis?</span> <span class='ocrx_word' id='word_1_227' title='bbox 930 4025 1036 4110; x_wconf 88' lang='lat' dir='ltr'>inquit.</span> <span class='ocrx_word' id='word_1_228' title='bbox 1059 4027 1102 4090; x_wconf 87' lang='lat' dir='ltr'>At</span> <span class='ocrx_word' id='word_1_229' title='bbox 1112 4027 1163 4092; x_wconf 91' lang='lat' dir='ltr'>ille</span> <span class='ocrx_word' id='word_1_230' title='bbox 1179 4051 1187 4090; x_wconf 82' lang='lat' dir='ltr'>r</span> 
     </span>
     <span class='ocr_line' id='line_1_36' title="bbox 208 4129 1178 4219; baseline -0.001 -23"><span class='ocrx_word' id='word_1_231' title='bbox 208 4131 294 4211; x_wconf 87' lang='lat' dir='ltr'>Scis,</span> <span class='ocrx_word' id='word_1_232' title='bbox 310 4131 440 4212; x_wconf 74' lang='lat' dir='ltr'>Protea,</span> <span class='ocrx_word' id='word_1_233' title='bbox 455 4133 516 4201; x_wconf 82' lang='lat' dir='ltr'>seis</span> <span class='ocrx_word' id='word_1_234' title='bbox 530 4133 619 4219; x_wconf 83' lang='lat' dir='ltr'>ipse;</span> <span class='ocrx_word' id='word_1_235' title='bbox 640 4151 742 4216; x_wconf 87' lang='lat' dir='ltr'>neque</span> <span class='ocrx_word' id='word_1_236' title='bbox 758 4143 805 4204; x_wconf 82' lang='lat' dir='ltr'>est</span> <span class='ocrx_word' id='word_1_237' title='bbox 819 4143 850 4196; x_wconf 84' lang='lat' dir='ltr'>tn</span> <span class='ocrx_word' id='word_1_238' title='bbox 867 4129 971 4200; x_wconf 83' lang='lat' dir='ltr'>fallere</span> <span class='ocrx_word' id='word_1_239' title='bbox 988 4135 1178 4218; x_wconf 86' lang='lat' dir='ltr'>quidquam:</span> 
     </span>
    </p>
   </div>
   <div class='ocr_carea' id='block_1_3' title="bbox 0 0 1450 5002">
    <p class='ocr_par' dir='ltr' id='par_1_4' title="bbox 0 0 1450 5002">
     <span class='ocr_line' id='line_1_37' title="bbox 0 0 1450 5002; baseline 0 5"><span class='ocrx_word' id='word_1_240' title='bbox 0 0 1450 5002; x_wconf 95' lang='lat' dir='ltr'> </span> 
     </span>
    </p>
   </div>
  </div>
 </body>
</html>
