2756 5010
224 429 281 486 206
667 419 858 482 numos

265 581 423 661 AEtheriis,
436 580 595 666 limusque
609 579 707 646 refert
720 577 850 665 delapsa
863 579 1017 665 sagittam.

262 685 385 750 Amissi
399 683 483 749 solus
497 683 603 770 palmi
617 683 788 769 superabat
802 686 952 765 Acestem

261 791 325 873 Qui
340 803 444 854 tamen
459 792 563 854 ebrias
578 787 677 868 telum,
687 787 847 854 contendit
860 791 894 854 iu
908 809 1012 870 eurus,

261 893 429 957 Ostentans
444 905 606 983 artemque
620 904 720 976 pater,
735 912 904 978 arctmtque
919 903 1092 958 sonantem.

263 997 329 1062 Hic
345 996 444 1062 oculis
459 997 597 1062 subit*
608 996 943 1090 objiciturxmegnoque
957 998 1096 1062 sutanum

263 1101 401 1187 Augurio
414 1115 606 1173 urorrstrum:
629 1099 736 1163 docuit
749 1098 820 1184 pdst
834 1102 936 1164 exitus
950 1100 1079 1188 ingeus3

264 1205 404 1291 Seraque
419 1204 546 1269 terrifici
558 1205 741 1268 cecinerunt
753 1204 860 1266 onrina
872 1214 974 1267 untes.

262 1305 407 1392 Namque
421 1305 531 1371 volans
545 1303 672 1390 liquidis
685 1303 717 1368 in
731 1303 867 1368 nubibus
881 1307 959 1370 arsit
978 1303 1110 1386 modo,

263 1412 464 1498 signavitque
479 1412 565 1474 viem
579 1408 722 1486 flammis,
737 1415 907 1491 tenuesque
922 1411 1055 1472 recessit
1099 1447 1103 1454 ·

263 1515 456 1600 Consumpta
471 1514 503 1578 in
516 1523 645 1578 ventos:
667 1509 750 1576 ooelo
763 1531 823 1576 ceu
836 1511 922 1596 saepti
937 1511 1038 1576 refixa

262 1615 494 1681 Transcurrunt
506 1617 691 1699 crinemque
705 1612 842 1678 volentia
856 1613 963 1678 sidera
977 1612 1106 1680 ducunt.

263 1719 410 1786 Attonitis
426 1717 548 1784 hesire
562 1721 685 1798 animis,
699 1739 893 1804 superosque
907 1718 1036 1804 precati,

262 1824 421 1888 Trinacrii
436 1822 616 1907 Teucrique
630 1821 689 1886 viri
700 1843 790 1915 :knec
806 1821 960 1886 maximus
974 1841 1066 1886 omen

262 1927 380 1991 Abnuit
396 1923 531 2003 AEnees3
552 1921 610 1990 sed
624 1922 729 1988 laemm
743 1923 907 2010 amplexus
922 1927 1060 1990 Acesten

262 2027 445 2093 Muneribus
460 2025 598 2092 cumulet
610 2029 742 2111 magnis
754 2049 797 2091 sc
811 2026 888 2092 telis
901 2028 1005 2092 lotar:

261 2129 366 2210 Sume,
380 2141 487 2215 pater3
508 2149 580 2193 nem
594 2140 625 2191 te
639 2125 739 2194 voluit
752 2151 810 2194 rex
825 2149 956 2216 magmas
969 2128 1101 2216 Olympi

260 2231 391 2296 Talibus
406 2231 552 2318 auspiciis
566 2243 724 2296 exsortem
738 2230 855 2298 ducere
871 2231 1016 2298 honum.

261 2335 363 2420 ipsius
378 2335 525 2400 Anchise
539 2334 673 2422 longaevi
686 2333 748 2400 boc
763 2357 874 2400 manns
888 2335 1035 2416 habebis,

261 2436 397 2502 Cratera
410 2440 596 2524 impressum
610 2437 715 2524 signis,
729 2458 823 2522 quem
837 2436 994 2504 Thracius
1011 2437 1087 2502 olim

262 2542 409 2606 Anchisae
424 2541 603 2636 genitorixin
617 2561 730 2626 magno
743 2561 873 2606 munere
887 2539 1016 2606 Cisseus

260 2646 359 2711 Ferre
373 2648 420 2730 sqi
434 2644 567 2711 dederet
581 2657 811 2710 monumentum
825 2657 856 2708 et
869 2643 980 2730 pignus
995 2643 1120 2708 emeris.

261 2751 314 2814 Sic
329 2751 419 2831 fatus,
433 2750 528 2835 cingit
541 2748 689 2816 viridanti
703 2760 844 2834 tempore
859 2745 957 2828 lauro,
1068 2805 1071 2812 A

260 2853 301 2918 Et
316 2857 450 2938 primum
465 2865 537 2916 ente
552 2873 660 2916 omnes
672 2853 823 2916 uictorem
837 2849 976 2936 appellet
989 2853 1138 2918 Acesten.
1230 2853 1285 2914 540

260 2957 329 3021 Nec
344 2957 443 3020 bonus
458 2954 613 3040 Eurytion
626 2953 758 3040 prelato
773 2954 883 3020 invidit
898 2953 1018 3036 honori,

259 3058 410 3141 Quamvis
425 3055 510 3121 solus
524 3077 615 3122 avem
629 3054 710 3124 coelo
725 3057 840 3146 dejecit
854 3059 897 3124 eb
910 3058 986 3124 olto.

261 3160 424 3226 Proximus
438 3158 612 3247 ingreditur
625 3159 725 3241 donis,
739 3164 794 3246 qui
809 3161 935 3228 vincula
948 3165 1054 3248 rupit:
1363 3207 1364 3259 y

260 3264 437 3344 Extremus,
452 3262 572 3330 volucri
587 3267 642 3350 qui
656 3263 725 3328 fixit
739 3263 892 3330 arundine
907 3263 1034 3332 malum.
1065 3275 1090 3312 Α

302 3368 344 3430 At
357 3379 448 3452 poter
463 3365 588 3447 AEnees,
602 3365 739 3434 nondum
752 3368 1042 3449 contaminemisso,
1230 3375 1291 3432 sto

260 3467 431 3534 Custodem
447 3469 488 3534 ad
503 3491 572 3536 sese
586 3471 796 3557 comitemque
810 3471 946 3558 impubis
961 3472 1021 3538 liiii

258 3572 420 3660 Epytiden
434 3587 547 3654 vocst3
568 3587 599 3638 et
614 3573 711 3642 faiam
724 3577 771 3640 sie
786 3576 871 3640 lettrr
883 3573 925 3640 ad
940 3591 1073 3642 auremr

258 3675 353 3745 Vade
369 3699 436 3764 age,
452 3691 483 3741 et
496 3679 644 3758 Ascanio,
657 3678 685 3742 si
694 3679 763 3764 jam
776 3677 897 3763 puerile
911 3691 1057 3764 paratum

258 3783 379 3868 Agmen
394 3779 491 3845 habet
504 3801 624 3864 seeunq
635 3801 807 3866 cursusque
822 3781 968 3848 instrtmit
981 3803 1163 3870 equorum,x

256 3884 364 3950 Ducat
378 3903 439 3947 svo
454 3895 581 3965 turmas,
594 3897 626 3950 et
640 3907 709 3950 sese
723 3884 867 3950 ostendat
880 3888 913 3950 in
929 3887 1035 3968 armis,
1236 3891 1294 3952 550

256 3986 332 4068 Dic,
347 3985 400 4051 ait.
444 3985 515 4072 lpse
530 4009 653 4054 onmem
668 3987 760 4075 longo
776 3987 934 4054 decedere
945 3993 1034 4056 circo
1362 4023 1363 4066 y

256 4089 392 4156 infusum
406 4088 564 4174 populum,
579 4103 610 4155 et
624 4111 753 4178 campos
763 4091 854 4178 jubet
867 4113 939 4160 esse
953 4107 1108 4180 petentes.
