2648 5288
523 741 640 801 LIBER
658 742 693 799 V.

97 906 224 995 Qualis
236 905 317 992 sepe
332 906 393 969 riae
409 901 583 988 deprensus
598 905 630 966 in
645 924 761 989 aggere
775 924 915 991 serpens,

101 1014 209 1081 AErea
223 1031 312 1096 quem
325 1009 490 1094 obliquum
503 1021 574 1071 rota
588 1006 722 1088 transiit,
736 1020 789 1072 aut
804 1012 910 1094 gravis
925 1009 988 1072 ictu

105 1118 305 1183 Seminecem
319 1114 410 1199 liquit
424 1135 503 1179 saxo
517 1111 721 1197 lacerumque
736 1115 847 1194 viator,
1089 1121 1151 1177 275

108 1220 331 1306 Nequidquam
344 1218 453 1306 longos
468 1218 590 1304 fugiens
604 1213 659 1281 dat
674 1237 808 1302 corpore
824 1230 921 1281 tortus
933 1242 942 1297 3

112 1322 318 1404 emerem,
332 1321 509 1406 ardensque
524 1318 633 1401 oeulis,
648 1332 679 1383 et
693 1317 789 1384 sibila
806 1319 889 1385 colla

117 1426 238 1493 Arduus
251 1425 416 1507 attollens;
437 1446 513 1513 pars
528 1423 656 1489 vulnere
672 1422 785 1488 clauda
801 1436 935 1487 retentat

118 1526 284 1596 llexantem
297 1530 398 1612 nodis,
413 1551 509 1615 seque
524 1531 556 1593 in
570 1550 628 1593 sua
642 1526 785 1591 membra
799 1525 986 1613 plicantem:

120 1630 189 1697 'l'ali
203 1638 327 1723 remigio
341 1636 432 1701 navis
446 1654 480 1697 se
496 1630 589 1698 tarda
604 1631 771 1711 movebat3
1062 1631 1067 1637 ’
1088 1640 1152 1696 280

124 1732 201 1803 Vela
214 1738 283 1805 lacit
296 1753 411 1820 tamen,
426 1751 457 1802 et
469 1736 550 1801 'velis
564 1736 649 1801 subit
662 1735 741 1800 ostia
754 1734 867 1821 plenis.
895 1762 898 1773 ·

129 1840 285 1929 Sergestum
300 1843 417 1909 AEneas
431 1844 585 1930 promisso
600 1862 728 1905 munere
743 1838 849 1920 donat,

132 1942 272 2011 Servatam
286 1947 330 2011 ob
344 1967 458 2011 navem
473 1943 560 2008 laetus
576 1944 739 2029 sociosque
755 1942 912 2008 reductos.

134 2042 185 2111 oli
196 2069 277 2115 serra
290 2049 384 2113 datur
398 2071 526 2135 operum
542 2045 626 2113 haud
643 2050 753 2133 ignara
769 2046 931 2126 Minerva),

136 2144 230 2217 Cressa
239 2175 335 2241 genus
350 2151 479 2233 Pholoe,
492 2151 669 2239 geminique
684 2152 744 2215 sub
759 2151 856 2216 ubere
871 2155 948 2215 nati.
1087 2160 1149 2215 ‘285

168 2250 230 2319 lloe
241 2256 307 2342 pius
322 2254 439 2321 AEneas
453 2256 547 2319 misso
561 2257 733 2318 certamine
749 2253 848 2319 tendit

140 2350 306 2424 linuineum
320 2359 352 2424 in
366 2381 522 2445 campum,
537 2380 630 2443 quem
645 2356 778 2423 collibus
792 2357 929 2444 undique
945 2363 1049 2425 curris

142 2450 283 2543 lingebant
296 2461 406 2541 silvae3
428 2458 595 2544 mediaque
610 2461 641 2525 in
655 2460 738 2526 valle
754 2460 870 2526 theatri

143 2552 225 2626 Crem
236 2579 309 2646 erat,
324 2563 388 2651 quo
402 2587 436 2628 se
451 2562 553 2628 multis
568 2586 639 2628 eum
654 2564 792 2630 millibus
807 2564 901 2629 heros

143 2654 412 2734 Coumumedium
428 2666 506 2748 tulit,
516 2680 743 2757 exstructoque
758 2666 887 2732 resedit.
1085 2674 1148 2733 990

145 2756 190 2827 llic
202 2774 243 2852 qni
256 2771 337 2836 lor-td
351 2768 448 2835 velint
462 2768 574 2855 rapido
589 2758 779 2834 contendere
795 2791 890 2834 cursu

145 2858 222 2934 inritat
232 2874 338 2958 pretiis
352 2873 482 2951 animos
497 2885 527 2935 et
541 2872 670 2958 praemia
684 2872 782 2956 ponit.

103 2976 117 2991 “’
145 2960 253 3061 Undique
266 2978 455 3043 eonvenimrt
469 2977 596 3057 Teucri,
611 2977 761 3063 mixtique
778 2978 903 3042 Sicani:

143 3066 208 3143 Nisus
219 3094 244 3144 et
258 3079 417 3169 Euryalus
432 3081 544 3166 primi3

142 3166 264 3265 Eutyalus
277 3183 379 3249 formai
394 3184 520 3270 insignis
535 3183 689 3269 viriolque
700 3186 841 3274 juventi,
1086 3194 1149 3254 995

143 3269 209 3349 llims
218 3308 317 3354 amore
331 3292 387 3376 pio
400 3289 508 3374 pueri:
532 3311 609 3374 quos
625 3282 739 3355 deinde
754 3304 878 3354 secutus

144 3372 227 3470 legin
237 3392 360 3481 egregii
376 3393 492 3457 Priami
508 3391 549 3457 de
564 3393 659 3479 stirpe
674 3393 810 3459 Diores:

143 3478 211 3555 llune
223 3495 327 3577 Salius,
341 3495 433 3560 simul
448 3508 479 3559 et
495 3494 632 3577 Patron3
655 3518 786 3583 quornm
802 3497 882 3562 alter
897 3502 1055 3584 Acarnan,

141 3582 205 3659 liter
214 3599 250 3663 ab
265 3599 405 3665 Arcadio
419 3600 560 3688 Tegeaeae
575 3603 724 3689 sanguine
738 3604 859 3688 gentis:

141 3682 263 3767 lrnduo
276 3704 432 3769 Trinacrii
443 3706 584 3793 juvenes
599 3705 759 3791 Helymus
783 3708 998 3795 Panopesque,
1086 3716 1149 3773 300

140 3788 230 3869 insueti
241 3807 335 3888 silvis,
350 3808 479 3877 comites
495 3809 624 3874 senioris
639 3814 783 3875 Acestae:

140 3889 205 3970 llllll
215 3926 362 3995 preterea
377 3935 455 3999 quos
471 3915 554 3979 lama
570 3914 706 3979 obscura
721 3915 873 3981 recondit.

142 3992 224 4074 doen
234 4013 345 4099 quibus
360 4015 392 4079 in
406 4015 520 4081 mediis
534 4018 579 4083 sic
594 4015 709 4082 deinde
724 4015 863 4082 locutus:

140 4098 247 4199 turpise
261 4117 326 4183 haec
342 4120 466 4198 animis,
481 4118 631 4207 laetasque
646 4120 800 4185 advertite
815 4134 953 4186 mentes:

138 4196 212 4278 Nemo
222 4240 259 4287 ex
272 4221 333 4286 hoc
348 4244 478 4287 numero
493 4222 567 4288 mihi
583 4248 644 4289 non
659 4223 792 4289 donatus
808 4225 917 4290 abibit.
1084 4233 1148 4291 30⁵

137 4302 224 4385 Gnosia
235 4323 307 4391 bina
320 4325 407 4392 dabo
422 4325 526 4393 levato
541 4327 647 4393 lucida
662 4330 746 4394 ferro

139 4410 241 4507 Spicula,
254 4432 456 4519 celatamque
471 4448 602 4523 argento
617 4435 700 4501 lerre
714 4435 899 4520 bipennem:
