2756 5010
100 451 117 544 ξ
157 459 213 516 tae
596 447 785 508 nunnus
834 521 839 530 ,

85 661 88 668 .
199 611 249 675 lre
264 613 375 674 iterum
390 612 424 672 in
437 606 608 692 lacrymas,
623 609 735 669 berum
750 617 872 668 tentare
885 604 1051 689 precando

198 711 340 799 Cogitur,
355 724 386 775 et
400 708 534 796 supplex
550 711 669 774 animes
685 707 868 771 submittere
884 710 995 788 emori,

174 813 248 896 qu
264 812 339 899 quid
354 817 551 898 inexpertum
567 811 682 874 irustra
696 811 849 874 moritura
862 807 1053 902 relinquetq

241 919 343 996 Anna,
358 915 447 980 vides
462 928 525 980 toto
539 913 705 1000 properari
719 911 843 994 litture3
865 911 984 977 circum

200 1018 350 1106 Undique
365 1017 562 1099 convenire3
582 1031 677 1083 vocat
686 1019 753 1104 jam
768 1016 922 1081 carbasus
937 1039 1049 1098 auras3

200 1122 360 1208 Puppibus
375 1135 406 1184 et
420 1119 484 1186 laeti
499 1133 601 1184 naute
616 1117 796 1205 imposuere
809 1139 954 1184 coronas.

200 1227 297 1291 Hunc
313 1247 370 1313 ego
384 1230 411 1289 si
426 1228 513 1311 potui
528 1237 646 1288 tantum
661 1243 791 1308 sperare
806 1221 957 1303 dolorem,

199 1327 241 1394 Et
254 1329 406 1416 perferre,
418 1347 518 1407 seror,
537 1338 659 1412 potero.
705 1325 835 1390 Misera·
845 1327 906 1390 hoc
921 1339 1026 1390 tamen
1040 1347 1135 1422 unum
1180 1333 1246 1389 tae

198 1433 395 1516 Exsequere,
409 1433 511 1509 Anna,
527 1428 603 1492 mihi
616 1454 624 1508 3
646 1425 745 1492 selam
760 1449 833 1508 nam
849 1427 989 1514 perfidus
1003 1426 1058 1492 ille

198 1534 248 1599 Te
263 1533 379 1612 colera,
394 1553 527 1596 arcanos
542 1535 638 1596 etiam
652 1530 711 1595 tibi
725 1530 859 1594 credere
874 1549 1003 1610 sensus3

165 1663 183 1734 q
200 1634 275 1700 Sola
290 1638 351 1698 riri
365 1633 475 1698 molles
491 1631 594 1697 aditus
609 1644 640 1696 et
654 1645 797 1718 tempera
812 1630 942 1722 ndrasq

201 1741 225 1821 l,
240 1759 338 1820 soror,
353 1751 448 1823 atque
463 1735 584 1801 hostem
599 1735 732 1821 supplex
748 1734 847 1801 affare
861 1735 1050 1821 superbumt

200 1842 272 1907 Non
287 1863 345 1930 ege
359 1861 430 1906 cum
445 1841 568 1904 Danais
582 1840 753 1926 Trojanam
769 1838 957 1904 exscindere
970 1851 1092 1925 gentem
1181 1846 1248 1903 tas

200 1943 316 2040 Aulide
325 1943 441 2030 juravi,
455 1941 630 2010 classemve
646 1940 687 2005 ad
704 1942 858 2030 Pergama
873 1939 965 2020 misi3

201 2047 270 2112 Nec
285 2048 385 2132 patris
399 2045 548 2109 Anchisa
562 2049 700 2108 cinerem
716 2065 863 2130 manesve
877 2043 1001 2109 revelli.

201 2150 269 2214 Cur
284 2170 355 2214 mea
369 2146 455 2212 dicta
470 2160 562 2233 negat
577 2147 672 2211 duras
687 2147 854 2212 demittere
868 2149 899 2214 in
914 2153 1030 2214 aures?

200 2253 272 2338 Qud
286 2253 365 2318 ruiti
408 2253 592 2316 Extremum
608 2251 668 2316 boc
684 2253 802 2316 misere
817 2252 870 2317 det
886 2273 997 2319 munus
1011 2257 1146 2320 emanti:
1188 2289 1194 2306 ·

201 2359 372 2444 Exspectat
387 2359 575 2446 facilemque
591 2361 883 2447 iugam'ventosque
898 2361 1044 2426 ferentes.
1182 2371 1249 2428 430

201 2461 272 2526 Non
283 2464 350 2548 jam
365 2462 543 2550 conjugium
559 2465 729 2547 antiquum,
745 2461 828 2547 quod
843 2461 991 2548 prodidit,
1006 2485 1081 2545 στος

202 2563 270 2628 Nec
285 2563 418 2650 pulchro
433 2575 466 2628 ut
481 2563 685 2680 Latiopmea
722 2585 913 2651 regnumque
928 2565 1117 2653 relinquam,
1221 2553 1231 2632 ἶ
1255 2567 1269 2584 '

202 2665 341 2752 Tempus
357 2667 447 2730 inane
462 2678 547 2752 peto,
562 2669 703 2750 requiem
718 2635 1038 2751 spatiumqueiurori
1074 2743 1078 2754 ι

201 2767 286 2834 Dum
301 2791 371 2833 mea
385 2791 436 2832 me
450 2771 568 2834 victam
582 2769 695 2833 doceat
710 2768 833 2832 fortuna
848 2767 967 2832 dolere.

202 2871 386 2936 Extremam
401 2869 483 2932 hanc
499 2891 555 2933 oro
569 2873 694 2933 veniam
710 2867 873 2950 (miserere
888 2865 1036 2955 sororis):
1182 2879 1252 2936 435

202 2975 305 3055 Quam
320 2971 398 3035 mihi
413 2989 507 3053 quum
522 2969 975 3082 dedens,pumulatamqmorte
989 2977 1158 3040 remittam.
1169 2967 1196 3061 l,
1262 3019 1281 3042 ι

245 3073 379 3138 Talibus
393 3071 516 3152 orabat,
531 3072 671 3159 talesque
686 3065 949 3177 miserrimapletu

204 3179 340 3263 Fertque
355 3175 515 3261 refertque
528 3197 635 3258 suror3
657 3177 713 3242 sed
728 3179 821 3244 nullis
835 3181 887 3245 illia
902 3195 1045 3250 movetur

203 3280 355 3361 Fletibus,
370 3292 423 3343 aut
437 3299 533 3344 voces
546 3279 627 3344 ullas
641 3283 817 3346 tractabilis
832 3281 929 3348 audit.

203 3381 283 3450 Fata
298 3379 655 3502 obstantqplacidasque
668 3387 729 3448 viri
746 3385 824 3450 deus
839 3386 973 3450 obstruit
992 3403 1094 3453 aures.
1123 3425 1172 3441 --
1183 3399 1264 3458 440
1314 3382 1345 3433 ·’

201 3487 251 3550 Ac
266 3484 364 3550 veluti
377 3505 496 3550 annoso
509 3461 648 3550 validam
664 3507 758 3571 quum
773 3488 888 3552 robore
904 3507 1054 3573 quercum
1170 3567 1174 3578 Ι

203 3587 312 3674 Alpini
327 3587 449 3669 Boreae,
463 3611 545 3652 nunc
560 3589 740 3670 hinc‚nunc
756 3591 880 3658 flatibus
895 3591 981 3656 illinc

203 3691 324 3756 Eruere
338 3694 420 3755 inter
435 3712 469 3755 se
484 3703 625 3772 certant;
647 3694 671 3755 it
686 3692 812 3774 stridor,
827 3679 864 3757 et'
873 3693 936 3758 alte

204 3793 415 3860 Consternunt
429 3807 555 3876 terrem,
569 3817 721 3861 concusso
735 3799 849 3883 stipite,
863 3798 1010 3878 frondes,

203 3897 278 3985 lpse
292 3897 391 3962 haeret
405 3898 560 3984 seopulis3
582 3911 614 3962 et
628 3896 776 3983 quantum
792 3901 911 3967 vertice
925 3901 967 3966 ad
982 3923 1074 3967 auras
1185 3915 1275 3978 445

203 4001 371 4081 AEtherias,
385 4000 503 4066 tanttlm
518 4003 628 4068 radice
642 4007 675 4071 in
689 4003 828 4070 Tartara
842 4006 941 4072 tendit
958 4030 966 4070 ε

204 4105 303 4174 Haud
318 4102 408 4170 secus
423 4105 555 4178 assiduis
571 4079 754 4193 hinlatque
769 4107 842 4174 binc
857 4111 988 4176 vocibus
1004 4110 1097 4174 heros
