2648 5288
6 78 158 162 quiquam
175 80 215 141 ob
232 80 373 141 meritum
389 60 507 179 P‘Pim’
523 48 631 191 uiisata
647 64 742 197 requi

0 201 40 255 t,
56 202 87 247 et
103 183 189 269 rapti
204 184 336 274 graviter
351 207 407 271 pro
441 180 584 274 qnjugeis
611 190 662 251 vit.

1 290 99 368 iidem,
117 291 190 352 dum
206 302 237 352 te
254 288 373 373 sugeret
387 312 445 376 per
452 210 744 411 {fluminaiproeceps

14 415 63 455 em
81 407 150 456 ante
166 395 263 479 pedes
279 395 409 480 hydrum
426 399 570 462 moritura
585 401 688 485 puella

11 514 72 569 rein
90 498 169 582 ripas
186 498 247 562 alui
260 522 320 564 nnn
333 502 407 563 vidit
421 501 451 563 in
467 501 574 565 herbis.

0 626 59 667 rus
75 604 198 688 aqualis
214 604 282 689 Dry
302 605 376 669 dum
391 607 525 671 clamore
541 629 700 692 suprernos

1 726 55 773 *unt
73 725 211 775 montes:
234 626 344 879 figunt
360 694 668 881 Rliodopeisjarees,

4 840 20 879 e
67 838 181 899 augea,
197 832 229 880 et
298 817 343 879 esi
357 816 536 882 Mavortiat
567 820 624 897 ius,

8 920 106 999 Getae,
123 934 215 1004 atque
231 918 367 995 Hebrus,
383 935 416 983 et
430 921 537 986 Actias
552 922 703 1007 Orithyia.

1 1026 63 1089 avi
78 1027 179 1089 solans
194 1046 307 1109 ugrum
321 1026 474 1091 testudine
490 1048 637 1105 amorem,

0 1136 64 1197 leis
80 1133 205 1219 conjux,
221 1148 251 1197 te
267 1132 333 1196 solo
351 1134 381 1196 in
398 1134 496 1197 littore
511 1154 629 1211 secum,

1 1242 106 1304 nieme
122 1240 184 1316 die,
200 1251 242 1314 te,
259 1239 443 1314 decedente,
459 1239 601 1303 canebat.

1 1348 45 1409 ins
61 1346 152 1409 etiarn
169 1342 286 1421 fauces,
303 1345 363 1407 aira
377 1344 456 1407 ostia
470 1342 563 1418 Ditis,

1 1453 128 1535 *gentem
140 1448 227 1531 nigrai
242 1450 402 1512 formidine
419 1450 534 1525 lucum,

0 1581 54 1631 ns,
71 1557 242 1637 Manesque
258 1555 342 1631 adiit,
358 1575 524 1637 regemque
537 1559 739 1635 tremendum,

3 1684 62 1744 que
79 1659 218 1721 humanis
232 1659 375 1741 precibus
386 1679 602 1722 mansuescere
617 1662 725 1725 corda.

1 1780 77 1829 :antu
89 1778 248 1828 cnrnmotae
265 1760 361 1826 Erebi
377 1764 418 1826 de
433 1764 558 1827 sedibus
573 1766 642 1829 imis
711 1786 715 1793 ·
735 1752 739 1759 ¹

27 1872 109 1934 ibant
124 1884 243 1946 tenues,
260 1867 482 1952 simulacraque
498 1867 568 1933 luce
584 1868 759 1951 carentiamj

7 1977 99 2041 multa
116 1976 146 2037 in
162 1972 241 2037 soliis
255 1975 356 2037 avium
372 1996 406 2037 se
423 1975 515 2038 miiiia
531 1978 676 2053 condunt,

24 2083 75 2146 ubi
89 2096 141 2146 aut
155 2080 300 2145 hibernus
316 2082 377 2165 agit
392 2081 432 2144 de
447 2082 601 2145 montibus
616 2082 734 2146 irnber:

1 2213 13 2269 ι,
30 2202 121 2272 arque
137 2187 203 2263 uiri,
218 2185 425 2270 defunctaque
440 2208 569 2271 corpora
584 2186 647 2251 vitiu

2 2296 116 2359 nimrim
132 2296 273 2373 heroum,
288 2294 386 2378 pueri,
402 2294 594 2378 innuptaque
610 2294 728 2380 puelle,

13 2404 83 2487 iqne
96 2402 176 2485 rogis
186 2400 318 2487 juvenes
333 2413 403 2463 ante
418 2422 472 2464 ora
488 2398 671 2484 parentium

9 2508 104 2570 ircunr
120 2505 210 2569 lirnus
221 2505 318 2587 niger,
334 2517 365 2566 et
380 2503 525 2568 deformis
541 2504 657 2569 arundo

2 2662 9 2670 .
26 2611 174 2670 tnrriiinrre.
191 2608 278 2664 nnius
294 2610 465 2661 innmnisiiie
482 2608 562 2652 „aaa
