2648 5288
389 820 392 825 ⁴
505 832 623 895 maun
641 832 691 895 lX.

96 982 252 1073 Excipit3
272 982 345 1051 hinc
360 997 468 1073 raptas
482 988 670 1075 fugientibus
684 991 797 1077 ingerit
810 989 917 1057 hastas

98 1086 144 1153 ln
163 1102 291 1177 tergum:
313 1088 397 1165 Jeme
411 1092 496 1155 vires
510 1094 708 1177 animumque
723 1096 887 1157 ministrat.

100 1190 209 1259 Addit
220 1193 342 1281 Halym
356 1194 511 1273 camitem,
526 1206 557 1259 et
570 1194 695 1260 conlinit
710 1195 836 1282 Phegea
850 1195 977 1283 parmai3
1078 1203 1139 1264 760

103 1290 235 1379 ignaras
247 1295 362 1363 deinde
376 1300 409 1362 in
423 1298 528 1377 muris,
542 1297 740 1385 Martemque
756 1300 882 1380 cientes,

104 1394 368 1485 utendumque,
383 1398 586 1485 Haliumque,
601 1400 836 1487 Noemonaque,
853 1400 1098 1489 Prytanimque:

105 1496 237 1585 Lyncea
250 1502 429 1569 tendentem
443 1503 562 1583 contri,
575 1504 738 1589 sociosque
752 1518 927 1585 vocantem,

107 1596 253 1671 Vihmnti
265 1604 371 1692 gladio
381 1608 533 1671 connixus
547 1606 589 1669 ab
603 1628 718 1692 aggere
729 1605 843 1670 dexter

105 1698 265 1792 occupem
286 1708 360 1773 huie
374 1730 436 1773 uno
449 1707 605 1795 dejectum
620 1709 792 1772 comminus
806 1708 870 1772 ictu
1077 1715 1138 1775 770

108 1802 194 1873 Cum
203 1811 288 1897 galei
302 1810 394 1895 longe
403 1812 505 1899 jacuit
518 1824 631 1897 caput:
654 1810 726 1876 inde
741 1813 878 1877 ferarum

112 1902 305 1979 Vastatorem
319 1917 488 2000 Amycum,
502 1935 564 2000 quo
578 1937 640 1979 non
656 1914 777 1980 felicior
792 1915 872 1981 alter

110 2002 230 2099 Ungere
243 2016 306 2083 tela
318 2038 423 2098 manu,
436 2020 616 2103 ferrumque
631 2038 754 2081 armare
769 2039 908 2083 veneno:

111 2108 160 2178 Et
174 2116 298 2207 Clytium
311 2118 471 2201 AEoliden,
485 2134 515 2185 et
531 2122 664 2185 amicum
679 2118 819 2185 Crethea
833 2120 952 2202 Musis3

112 2212 241 2287 Crethea
255 2224 417 2289 Musarum
431 2227 587 2304 comitem,
601 2222 652 2287 cui
666 2224 807 2288 carmina
821 2244 945 2309 semper
1075 2228 1136 2289 775

113 2314 161 2383 Et
172 2326 285 2393 cithara
299 2328 400 2410 cordi,
414 2348 621 2411 numerosque
636 2324 796 2392 intendere
810 2327 933 2405 nervis;
990 2329 995 2339 '

116 2418 234 2513 Semper
246 2452 343 2518 equos
357 2444 452 2517 atque
465 2452 553 2495 arma
568 2428 667 2493 vinim
681 2450 862 2515 pugnasque
876 2429 1023 2495 canebat.
1045 2498 1061 2513 ‚

162 2524 286 2597 'tndem
300 2530 458 2613 ductores,
472 2530 579 2596 auditi
593 2528 681 2595 crede
695 2552 831 2613 suorum,

119 2620 298 2701 Conveniunt
312 2636 440 2715 Teucri,
454 2626 635 2699 Mnestheus
650 2655 786 2719 acerque
801 2634 958 2715 Serestus;

121 2720 308 2824 P&laetasque
321 2737 432 2803 vident
444 2741 556 2817 socios,
573 2736 755 2821 hostemque
771 2751 943 2823 receptum.
1073 2744 1136 2804 780

121 2820 355 2905 Eritnestheus:
377 2838 448 2923 Qud
461 2836 576 2904 deinde
591 2840 718 2925 lugam?
739 2836 801 2921 qud
815 2836 963 2902 tenditis?
985 2838 1093 2925 inquit.

124 2926 196 3011 Qus
208 2941 279 3007 alios
292 2964 409 3023 muros,
424 2964 493 3028 quae
503 2944 571 3029 jam
586 2940 666 3005 altri
681 2942 796 3003 moenia
809 2938 955 3005 habetis?

125 3026 199 3107 Unus
210 3045 307 3127 homo,
321 3060 353 3111 et
366 3046 487 3125 vestris,
501 3068 521 3109 ο
534 3046 630 3127 cives,
644 3042 782 3129 undique
796 3056 902 3129 septus

97 3118 103 3149 ι
125 3135 285 3231 Aggeribus,
299 3164 401 3215 tantas
415 3162 533 3237 strages
547 3149 672 3234 impune
687 3170 746 3233 per
759 3148 870 3211 urbem

127 3231 266 3317 Edidentt
282 3255 432 3342 juvenum
446 3252 562 3339 primos
577 3266 619 3315 tot
635 3252 750 3315 miserit
764 3251 870 3316 Orcol
1073 3256 1134 3317 705

129 3336 320 3422 hermelinis
336 3360 457 3443 patriae,
472 3369 673 3440 veterumque
689 3353 828 3436 deorum,

128 3438 258 3547 Ftnagrn
270 3458 392 3539 AEneae‚
406 3481 515 3547 segnes
530 3461 717 3544 miseretque
731 3458 910 3545 pudetque?

130 3540 233 3627 Talibus
247 3568 372 3631 accensi
387 3564 557 3643 firmantur,
571 3576 601 3625 et
616 3562 736 3649 agmine
752 3562 850 3627 denso

132 3644 289 3731 comeant.
334 3667 458 3731 Tamus
472 3652 621 3752 paulatim
638 3664 794 3730 excedere
808 3665 920 3751 pugni,

132 3744 280 3834 Ettritum
295 3784 414 3857 petere,
428 3790 466 3834 ac
480 3782 602 3854 partem
617 3790 686 3853 quae
701 3769 836 3853 cingitur
849 3767 944 3834 undt.
1074 3776 1135 3834 790

134 3846 219 3933 latiis
229 3872 286 3939 hoc
302 3874 421 3938 Teucri
435 3872 573 3937 elamore
588 3872 768 3936 incumbere
784 3891 906 3956 magno,

135 3952 329 4053 Elglememre
344 3999 486 4043 manum:
509 3998 568 4040 ceu
583 3998 699 4041 saevum
714 3974 807 4039 turba
822 3974 944 4038 leonem

135 4058 211 4143 Quum
222 4079 288 4146 telis
302 4085 417 4167 premit
431 4080 579 4145 infensis:
603 4092 634 4142 at
650 4080 774 4142 territus
789 4075 852 4155 ille,

136 4164 355 4293 A‘Ptrptcerbq
362 4197 559 4285 menspetro
574 4180 674 4262 redit;
696 4194 726 4244 et
741 4201 842 4264 neque
857 4192 948 4267 terga

136 4262 173 4335 ,ἢ
183 4278 247 4350 dare
261 4302 314 4351 aut
327 4288 425 4352 virtus
439 4286 575 4371 patitur3
589 4305 654 4347 -nec
669 4281 800 4346 tendere
814 4279 933 4360 contra,
1077 4286 1137 4347 795

135 4366 177 4443 lll‘
187 4390 299 4471 quidem
315 4392 375 4457 hoc
390 4394 529 4478 cupiens,
544 4390 623 4475 potis
639 4402 685 4452 est
699 4410 757 4473 per
771 4386 835 4452 tela
853 4387 1010 4475 virosque.

137 4470 210 4559 llsud
222 4496 307 4565 aliter
321 4510 407 4566 retro
421 4496 535 4562 dubius
549 4493 681 4580 vestigia
695 4493 821 4559 Turnus
