<?xml version="1.0" encoding="UTF-8"?>
<!DOCTYPE html PUBLIC "-//W3C//DTD XHTML 1.0 Transitional//EN"
    "http://www.w3.org/TR/xhtml1/DTD/xhtml1-transitional.dtd">
<html xmlns="http://www.w3.org/1999/xhtml" xml:lang="en" lang="en">
 <head>
  <title>
</title>
<meta http-equiv="Content-Type" content="text/html;charset=utf-8" />
  <meta name='ocr-system' content='tesseract 3.04.00' />
  <meta name='ocr-capabilities' content='ocr_page ocr_carea ocr_par ocr_line ocrx_word'/>
</head>
<body>
  <div class='ocr_page' id='page_1' title='image "./bucolicageorgic00goulgoog/bucolicageorgic00goulgoog_0327.png"; bbox 0 0 2772 4998; ppageno 0'>
   <div class='ocr_carea' id='block_1_1' title="bbox 332 807 345 868">
    <p class='ocr_par' dir='ltr' id='par_1_1' title="bbox 332 807 345 868">
     <span class='ocr_line' id='line_1_1' title="bbox 332 807 345 868; baseline 0 0"><span class='ocrx_word' id='word_1_1' title='bbox 332 807 345 868; x_wconf 71' lang='lat' dir='ltr'><strong>l</strong></span> 
     </span>
    </p>
   </div>
   <div class='ocr_carea' id='block_1_2' title="bbox 346 887 790 1056">
    <p class='ocr_par' dir='ltr' id='par_1_2' title="bbox 346 887 790 1056">
     <span class='ocr_line' id='line_1_2' title="bbox 346 887 790 1056; baseline 0.014 -6"><span class='ocrx_word' id='word_1_2' title='bbox 346 887 349 894; x_wconf 32' lang='lat'>⁵</span> <span class='ocrx_word' id='word_1_3' title='bbox 423 960 790 1056; x_wconf 79' lang='lat' dir='ltr'><strong>muuruos</strong></span> 
     </span>
    </p>
   </div>
   <div class='ocr_carea' id='block_1_3' title="bbox 421 1233 788 1301">
    <p class='ocr_par' dir='ltr' id='par_1_3' title="bbox 421 1233 788 1301">
     <span class='ocr_line' id='line_1_3' title="bbox 421 1233 788 1301; baseline 0.011 -4"><span class='ocrx_word' id='word_1_4' title='bbox 421 1233 556 1299; x_wconf 85' lang='lat' dir='ltr'>LIBER</span> <span class='ocrx_word' id='word_1_5' title='bbox 578 1235 788 1301; x_wconf 84' lang='lat' dir='ltr'><strong>DECIMUS.</strong></span> 
     </span>
    </p>
   </div>
   <div class='ocr_carea' id='block_1_4' title="bbox 83 1438 1219 4279">
    <p class='ocr_par' dir='ltr' id='par_1_4' title="bbox 114 1438 1033 1725">
     <span class='ocr_line' id='line_1_4' title="bbox 115 1438 919 1531; baseline 0.007 -28"><span class='ocrx_word' id='word_1_6' title='bbox 115 1438 273 1505; x_wconf 77' lang='lat' dir='ltr'><strong>Pauorron</strong></span> <span class='ocrx_word' id='word_1_7' title='bbox 287 1443 407 1505; x_wconf 87' lang='lat' dir='ltr'><strong>interea</strong></span> <span class='ocrx_word' id='word_1_8' title='bbox 422 1439 530 1506; x_wconf 90' lang='lat' dir='ltr'><strong>domus</strong></span> <span class='ocrx_word' id='word_1_9' title='bbox 545 1445 764 1529; x_wconf 87' lang='lat' dir='ltr'><strong>omnipotentis</strong></span> <span class='ocrx_word' id='word_1_10' title='bbox 779 1443 919 1531; x_wconf 85' lang='lat' dir='ltr'><strong>Olympi,</strong></span> 
     </span>
     <span class='ocr_line' id='line_1_5' title="bbox 114 1538 1033 1632; baseline 0.007 -26"><span class='ocrx_word' id='word_1_11' title='bbox 114 1538 345 1628; x_wconf 76' lang='lat' dir='ltr'>conciliumque</span> <span class='ocrx_word' id='word_1_12' title='bbox 359 1557 452 1608; x_wconf 82' lang='lat' dir='ltr'><strong>vocat</strong></span> <span class='ocrx_word' id='word_1_13' title='bbox 468 1543 575 1610; x_wconf 79' lang='lat' dir='ltr'><strong>divum</strong></span> <span class='ocrx_word' id='word_1_14' title='bbox 590 1560 680 1631; x_wconf 87' lang='lat' dir='ltr'><strong>pater</strong></span> <span class='ocrx_word' id='word_1_15' title='bbox 696 1560 789 1632; x_wconf 81' lang='lat' dir='ltr'><strong>atque</strong></span> <span class='ocrx_word' id='word_1_16' title='bbox 805 1547 961 1612; x_wconf 90' lang='lat' dir='ltr'><strong>hominum</strong></span> <span class='ocrx_word' id='word_1_17' title='bbox 975 1569 1033 1612; x_wconf 85' lang='lat' dir='ltr'><strong>rex</strong></span> 
     </span>
     <span class='ocr_line' id='line_1_6' title="bbox 114 1642 933 1725; baseline 0.009 -18"><span class='ocrx_word' id='word_1_18' title='bbox 114 1642 273 1710; x_wconf 85' lang='lat' dir='ltr'><strong>Sideream</strong></span> <span class='ocrx_word' id='word_1_19' title='bbox 289 1648 320 1709; x_wconf 96' lang='lat' dir='ltr'><strong>in</strong></span> <span class='ocrx_word' id='word_1_20' title='bbox 335 1645 462 1725; x_wconf 84' lang='lat' dir='ltr'><strong>sedem3</strong></span> <span class='ocrx_word' id='word_1_21' title='bbox 484 1659 584 1712; x_wconf 89' lang='lat' dir='ltr'><strong>terras</strong></span> <span class='ocrx_word' id='word_1_22' title='bbox 599 1648 681 1712; x_wconf 90' lang='lat' dir='ltr'><strong>unde</strong></span> <span class='ocrx_word' id='word_1_23' title='bbox 697 1649 812 1713; x_wconf 88' lang='lat' dir='ltr'><strong>arduus</strong></span> <span class='ocrx_word' id='word_1_24' title='bbox 827 1671 933 1714; x_wconf 88' lang='lat' dir='ltr'><strong>omnes</strong></span> 
     </span>
    </p>

    <p class='ocr_par' dir='ltr' id='par_1_5' title="bbox 110 1743 1142 1938">
     <span class='ocr_line' id='line_1_7' title="bbox 114 1743 1059 1837; baseline 0.006 -29"><span class='ocrx_word' id='word_1_25' title='bbox 114 1743 285 1833; x_wconf 80' lang='lat' dir='ltr'>Castraque</span> <span class='ocrx_word' id='word_1_26' title='bbox 300 1747 520 1814; x_wconf 69' lang='lat' dir='ltr'><strong>Dardanidum</strong></span> <span class='ocrx_word' id='word_1_27' title='bbox 535 1749 697 1835; x_wconf 76' lang='lat' dir='ltr'><strong>adspectat</strong></span> <span class='ocrx_word' id='word_1_28' title='bbox 711 1751 905 1837; x_wconf 88' lang='lat' dir='ltr'><strong>populosque</strong></span> <span class='ocrx_word' id='word_1_29' title='bbox 920 1747 1059 1816; x_wconf 78' lang='lat' dir='ltr'><strong>Latmos.</strong></span> 
     </span>
     <span class='ocr_line' id='line_1_8' title="bbox 110 1847 1142 1938; baseline 0.005 -26"><span class='ocrx_word' id='word_1_30' title='bbox 110 1847 282 1916; x_wconf 84' lang='lat' dir='ltr'><strong>Considunt</strong></span> <span class='ocrx_word' id='word_1_31' title='bbox 296 1851 385 1916; x_wconf 86' lang='lat' dir='ltr'><strong>tectis</strong></span> <span class='ocrx_word' id='word_1_32' title='bbox 402 1853 622 1938; x_wconf 82' lang='lat' dir='ltr'><strong>bipatentibus.</strong></span> <span class='ocrx_word' id='word_1_33' title='bbox 667 1853 780 1938; x_wconf 87' lang='lat' dir='ltr'><strong>incipit</strong></span> <span class='ocrx_word' id='word_1_34' title='bbox 795 1857 881 1938; x_wconf 86' lang='lat' dir='ltr'><strong>ipse:</strong></span> <span class='ocrx_word' id='word_1_35' title='bbox 1123 1861 1142 1917; x_wconf 79' lang='lat'>5</span> 
     </span>
    </p>

    <p class='ocr_par' dir='ltr' id='par_1_6' title="bbox 150 1949 889 2038">
     <span class='ocr_line' id='line_1_9' title="bbox 150 1949 889 2038; baseline 0.005 -24"><span class='ocrx_word' id='word_1_36' title='bbox 150 1949 313 2016; x_wconf 81' lang='lat' dir='ltr'><strong>Coelicolae</strong></span> <span class='ocrx_word' id='word_1_37' title='bbox 327 1955 441 2038; x_wconf 85' lang='lat' dir='ltr'><strong>magni,</strong></span> <span class='ocrx_word' id='word_1_38' title='bbox 457 1957 617 2038; x_wconf 89' lang='lat' dir='ltr'><strong>quianam</strong></span> <span class='ocrx_word' id='word_1_39' title='bbox 633 1956 785 2019; x_wconf 85' lang='lat' dir='ltr'><strong>sententia</strong></span> <span class='ocrx_word' id='word_1_40' title='bbox 801 1954 889 2020; x_wconf 83' lang='lat' dir='ltr'><strong>vobis</strong></span> 
     </span>
    </p>

    <p class='ocr_par' dir='ltr' id='par_1_7' title="bbox 113 2051 931 2142">
     <span class='ocr_line' id='line_1_10' title="bbox 113 2051 931 2142; baseline 0.004 -24"><span class='ocrx_word' id='word_1_41' title='bbox 113 2051 209 2120; x_wconf 84' lang='lat' dir='ltr'><strong>Versa</strong></span> <span class='ocrx_word' id='word_1_42' title='bbox 223 2069 321 2134; x_wconf 84' lang='lat' dir='ltr'><strong>retro,</strong></span> <span class='ocrx_word' id='word_1_43' title='bbox 334 2055 515 2140; x_wconf 76' lang='lat' dir='ltr'><strong>tantumque</strong></span> <span class='ocrx_word' id='word_1_44' title='bbox 530 2053 640 2122; x_wconf 84' lang='lat' dir='ltr'><strong>animis</strong></span> <span class='ocrx_word' id='word_1_45' title='bbox 654 2058 782 2124; x_wconf 85' lang='lat' dir='ltr'><strong>certatis</strong></span> <span class='ocrx_word' id='word_1_46' title='bbox 796 2057 931 2142; x_wconf 70' lang='lat' dir='ltr'><strong>iniquis?</strong></span> 
     </span>
    </p>

    <p class='ocr_par' dir='ltr' id='par_1_8' title="bbox 111 2155 945 2223">
     <span class='ocr_line' id='line_1_11' title="bbox 111 2155 945 2223; baseline 0.005 -5"><span class='ocrx_word' id='word_1_47' title='bbox 111 2155 286 2222; x_wconf 84' lang='lat' dir='ltr'><strong>Abnueram</strong></span> <span class='ocrx_word' id='word_1_48' title='bbox 302 2157 385 2221; x_wconf 88' lang='lat' dir='ltr'><strong>bello</strong></span> <span class='ocrx_word' id='word_1_49' title='bbox 402 2158 523 2222; x_wconf 86' lang='lat' dir='ltr'><strong>ltaliam</strong></span> <span class='ocrx_word' id='word_1_50' title='bbox 538 2181 728 2223; x_wconf 89' lang='lat' dir='ltr'><strong>concurrere</strong></span> <span class='ocrx_word' id='word_1_51' title='bbox 744 2159 894 2223; x_wconf 86' lang='lat' dir='ltr'><strong>Teucris:</strong></span> <span class='ocrx_word' id='word_1_52' title='bbox 944 2203 945 2208; x_wconf 20' lang='grc' dir='ltr'>η</span> 
     </span>
    </p>

    <p class='ocr_par' dir='ltr' id='par_1_9' title="bbox 110 2256 992 2347">
     <span class='ocr_line' id='line_1_12' title="bbox 110 2256 992 2347; baseline 0.005 -25"><span class='ocrx_word' id='word_1_53' title='bbox 110 2256 182 2338; x_wconf 69' lang='lat' dir='ltr'><strong>Qua</strong></span> <span class='ocrx_word' id='word_1_54' title='bbox 196 2273 310 2326; x_wconf 86' lang='lat' dir='ltr'><strong>contra</strong></span> <span class='ocrx_word' id='word_1_55' title='bbox 323 2262 453 2326; x_wconf 83' lang='lat' dir='ltr'><strong>vetitum</strong></span> <span class='ocrx_word' id='word_1_56' title='bbox 468 2261 647 2326; x_wconf 70' lang='lat' dir='ltr'><strong>discordia?</strong></span> <span class='ocrx_word' id='word_1_57' title='bbox 668 2262 737 2347; x_wconf 87' lang='lat' dir='ltr'><strong>quis</strong></span> <span class='ocrx_word' id='word_1_58' title='bbox 753 2275 852 2326; x_wconf 86' lang='lat' dir='ltr'><strong>metus</strong></span> <span class='ocrx_word' id='word_1_59' title='bbox 866 2274 921 2326; x_wconf 91' lang='lat' dir='ltr'><strong>aut</strong></span> <span class='ocrx_word' id='word_1_60' title='bbox 936 2260 992 2326; x_wconf 86' lang='lat' dir='ltr'><strong>bos</strong></span> 
     </span>
    </p>

    <p class='ocr_par' dir='ltr' id='par_1_10' title="bbox 108 2362 1142 2552">
     <span class='ocr_line' id='line_1_13' title="bbox 110 2362 1142 2449; baseline 0.002 -24"><span class='ocrx_word' id='word_1_61' title='bbox 110 2363 166 2426; x_wconf 88' lang='lat' dir='ltr'><strong>Aut</strong></span> <span class='ocrx_word' id='word_1_62' title='bbox 180 2362 238 2427; x_wconf 90' lang='lat' dir='ltr'><strong>bos</strong></span> <span class='ocrx_word' id='word_1_63' title='bbox 254 2385 342 2427; x_wconf 71' lang='lat' dir='ltr'><strong>mma</strong></span> <span class='ocrx_word' id='word_1_64' title='bbox 357 2367 446 2449; x_wconf 85' lang='lat' dir='ltr'><strong>sequi</strong></span> <span class='ocrx_word' id='word_1_65' title='bbox 461 2365 641 2449; x_wconf 72' lang='lat' dir='ltr'><strong>ferrumque</strong></span> <span class='ocrx_word' id='word_1_66' title='bbox 656 2363 812 2428; x_wconf 85' lang='lat' dir='ltr'><strong>lacessere</strong></span> <span class='ocrx_word' id='word_1_67' title='bbox 828 2365 945 2427; x_wconf 72' lang='lat' dir='ltr'><strong>suasit?</strong></span> <span class='ocrx_word' id='word_1_68' title='bbox 1104 2370 1142 2428; x_wconf 91' lang='grc'><strong>10</strong></span> 
     </span>
     <span class='ocr_line' id='line_1_14' title="bbox 108 2463 900 2552; baseline 0.001 -25"><span class='ocrx_word' id='word_1_69' title='bbox 108 2463 262 2530; x_wconf 81' lang='lat' dir='ltr'><strong>Adveniet</strong></span> <span class='ocrx_word' id='word_1_70' title='bbox 271 2467 387 2552; x_wconf 88' lang='lat' dir='ltr'><strong>justum</strong></span> <span class='ocrx_word' id='word_1_71' title='bbox 402 2487 525 2552; x_wconf 71' lang='lat' dir='ltr'><strong>pugnae,</strong></span> <span class='ocrx_word' id='word_1_72' title='bbox 539 2489 579 2530; x_wconf 86' lang='lat' dir='ltr'><strong>ne</strong></span> <span class='ocrx_word' id='word_1_73' title='bbox 593 2469 755 2545; x_wconf 88' lang='lat' dir='ltr'><strong>arcessite,</strong></span> <span class='ocrx_word' id='word_1_74' title='bbox 770 2478 900 2549; x_wconf 86' lang='lat' dir='ltr'><strong>tempus,</strong></span> 
     </span>
    </p>

    <p class='ocr_par' dir='ltr' id='par_1_11' title="bbox 83 2565 934 2759">
     <span class='ocr_line' id='line_1_15' title="bbox 108 2565 867 2654; baseline 0 -24"><span class='ocrx_word' id='word_1_75' title='bbox 108 2565 205 2648; x_wconf 81' lang='lat' dir='ltr'><strong>Quum</strong></span> <span class='ocrx_word' id='word_1_76' title='bbox 220 2569 292 2634; x_wconf 88' lang='lat' dir='ltr'><strong>fera</strong></span> <span class='ocrx_word' id='word_1_77' title='bbox 307 2567 469 2654; x_wconf 87' lang='lat' dir='ltr'><strong>Carthago</strong></span> <span class='ocrx_word' id='word_1_78' title='bbox 485 2568 638 2632; x_wconf 87' lang='lat' dir='ltr'><strong>Romanis</strong></span> <span class='ocrx_word' id='word_1_79' title='bbox 653 2567 779 2632; x_wconf 84' lang='lat' dir='ltr'><strong>arcibus</strong></span> <span class='ocrx_word' id='word_1_80' title='bbox 793 2567 867 2630; x_wconf 88' lang='lat' dir='ltr'><strong>olim</strong></span> 
     </span>
     <span class='ocr_line' id='line_1_16' title="bbox 83 2670 934 2759; baseline 0 -25"><span class='ocrx_word' id='word_1_81' title='bbox 83 2736 89 2757; x_wconf 42' lang='lat'>⁸</span> <span class='ocrx_word' id='word_1_82' title='bbox 107 2670 240 2738; x_wconf 84' lang='lat' dir='ltr'><strong>Exitium</strong></span> <span class='ocrx_word' id='word_1_83' title='bbox 258 2694 404 2759; x_wconf 84' lang='lat' dir='ltr'><strong>magnum</strong></span> <span class='ocrx_word' id='word_1_84' title='bbox 418 2687 513 2758; x_wconf 87' lang='lat' dir='ltr'><strong>atque</strong></span> <span class='ocrx_word' id='word_1_85' title='bbox 528 2673 625 2758; x_wconf 82' lang='lat' dir='ltr'><strong>Alpes</strong></span> <span class='ocrx_word' id='word_1_86' title='bbox 640 2675 784 2736; x_wconf 84' lang='lat' dir='ltr'><strong>immittet</strong></span> <span class='ocrx_word' id='word_1_87' title='bbox 798 2683 934 2756; x_wconf 87' lang='lat' dir='ltr'><strong>apertas.</strong></span> 
     </span>
    </p>

    <p class='ocr_par' dir='ltr' id='par_1_12' title="bbox 108 2769 949 2859">
     <span class='ocr_line' id='line_1_17' title="bbox 108 2769 949 2859; baseline 0.001 -24"><span class='ocrx_word' id='word_1_88' title='bbox 108 2769 183 2839; x_wconf 78' lang='lat' dir='ltr'><strong>Tum&#39;</strong></span> <span class='ocrx_word' id='word_1_89' title='bbox 197 2788 323 2839; x_wconf 88' lang='lat' dir='ltr'><strong>certare</strong></span> <span class='ocrx_word' id='word_1_90' title='bbox 338 2773 430 2854; x_wconf 90' lang='lat' dir='ltr'><strong>odiis,</strong></span> <span class='ocrx_word' id='word_1_91' title='bbox 445 2787 508 2838; x_wconf 90' lang='lat' dir='ltr'><strong>tum</strong></span> <span class='ocrx_word' id='word_1_92' title='bbox 524 2795 575 2838; x_wconf 89' lang='lat' dir='ltr'><strong>res</strong></span> <span class='ocrx_word' id='word_1_93' title='bbox 590 2775 732 2859; x_wconf 87' lang='lat' dir='ltr'><strong>rapuisse</strong></span> <span class='ocrx_word' id='word_1_94' title='bbox 749 2773 875 2838; x_wconf 85' lang='lat' dir='ltr'><strong>licebit:</strong></span> <span class='ocrx_word' id='word_1_95' title='bbox 947 2771 949 2778; x_wconf 73' lang='grc'>’</span> 
     </span>
    </p>

    <p class='ocr_par' dir='ltr' id='par_1_13' title="bbox 106 2875 1141 2962">
     <span class='ocr_line' id='line_1_18' title="bbox 106 2875 1141 2962; baseline -0.002 -23"><span class='ocrx_word' id='word_1_96' title='bbox 106 2875 191 2942; x_wconf 81' lang='lat' dir='ltr'><strong>llunc</strong></span> <span class='ocrx_word' id='word_1_97' title='bbox 206 2878 319 2956; x_wconf 80' lang='lat' dir='ltr'><strong>sinite3</strong></span> <span class='ocrx_word' id='word_1_98' title='bbox 341 2891 372 2941; x_wconf 85' lang='lat' dir='ltr'><strong>et</strong></span> <span class='ocrx_word' id='word_1_99' title='bbox 386 2876 534 2962; x_wconf 84' lang='lat' dir='ltr'><strong>placitum</strong></span> <span class='ocrx_word' id='word_1_100' title='bbox 550 2875 612 2940; x_wconf 80' lang='lat' dir='ltr'><strong>laeti</strong></span> <span class='ocrx_word' id='word_1_101' title='bbox 626 2876 801 2961; x_wconf 89' lang='lat' dir='ltr'><strong>componite</strong></span> <span class='ocrx_word' id='word_1_102' title='bbox 816 2875 929 2940; x_wconf 85' lang='lat' dir='ltr'><strong>ioedus.</strong></span> <span class='ocrx_word' id='word_1_103' title='bbox 1104 2881 1141 2937; x_wconf 84' lang='lat'><strong>1⁵</strong></span> 
     </span>
    </p>

    <p class='ocr_par' dir='ltr' id='par_1_14' title="bbox 142 2973 1219 3068">
     <span class='ocr_line' id='line_1_19' title="bbox 142 2973 1219 3068; baseline 0.001 -23"><span class='ocrx_word' id='word_1_104' title='bbox 142 2981 268 3068; x_wconf 83' lang='lat' dir='ltr'><strong>Jupiter</strong></span> <span class='ocrx_word' id='word_1_105' title='bbox 283 2982 351 3046; x_wconf 84' lang='lat' dir='ltr'><strong>haec</strong></span> <span class='ocrx_word' id='word_1_106' title='bbox 366 2982 495 3068; x_wconf 88' lang='lat' dir='ltr'><strong>paucis;</strong></span> <span class='ocrx_word' id='word_1_107' title='bbox 517 2994 548 3045; x_wconf 85' lang='lat' dir='ltr'><strong>at</strong></span> <span class='ocrx_word' id='word_1_108' title='bbox 561 3005 623 3046; x_wconf 92' lang='lat' dir='ltr'><strong>non</strong></span> <span class='ocrx_word' id='word_1_109' title='bbox 639 2981 748 3048; x_wconf 88' lang='lat' dir='ltr'><strong>Venus</strong></span> <span class='ocrx_word' id='word_1_110' title='bbox 764 3003 860 3046; x_wconf 86' lang='lat' dir='ltr'><strong>aurea</strong></span> <span class='ocrx_word' id='word_1_111' title='bbox 874 2981 982 3048; x_wconf 73' lang='lat' dir='ltr'><strong>contra</strong></span> <span class='ocrx_word' id='word_1_112' title='bbox 1216 2973 1219 2981; x_wconf 49' lang='lat'><em>⁴</em></span> 
     </span>
    </p>

    <p class='ocr_par' dir='ltr' id='par_1_15' title="bbox 106 3081 338 3150">
     <span class='ocr_line' id='line_1_20' title="bbox 106 3081 338 3150; baseline 0.013 -5"><span class='ocrx_word' id='word_1_113' title='bbox 106 3081 205 3148; x_wconf 87' lang='lat' dir='ltr'><strong>Pauca</strong></span> <span class='ocrx_word' id='word_1_114' title='bbox 220 3085 338 3150; x_wconf 75' lang='lat' dir='ltr'><strong>refert:</strong></span> 
     </span>
    </p>

    <p class='ocr_par' dir='ltr' id='par_1_16' title="bbox 104 3184 932 3275">
     <span class='ocr_line' id='line_1_21' title="bbox 104 3184 932 3275; baseline 0.004 -26"><span class='ocrx_word' id='word_1_115' title='bbox 104 3184 243 3272; x_wconf 85' lang='lat' dir='ltr'><strong>Opater‚</strong></span> <span class='ocrx_word' id='word_1_116' title='bbox 259 3211 281 3252; x_wconf 94' lang='lat' dir='ltr'><strong>o</strong></span> <span class='ocrx_word' id='word_1_117' title='bbox 296 3185 453 3251; x_wconf 92' lang='lat' dir='ltr'><strong>hominum</strong></span> <span class='ocrx_word' id='word_1_118' title='bbox 468 3187 638 3273; x_wconf 74' lang='lat' dir='ltr'><strong>divumque</strong></span> <span class='ocrx_word' id='word_1_119' title='bbox 653 3201 769 3253; x_wconf 88' lang='lat' dir='ltr'><strong>aeterna</strong></span> <span class='ocrx_word' id='word_1_120' title='bbox 785 3201 932 3275; x_wconf 87' lang='lat' dir='ltr'><strong>potestas,</strong></span> 
     </span>
    </p>

    <p class='ocr_par' dir='ltr' id='par_1_17' title="bbox 98 3286 1140 3582">
     <span class='ocr_line' id='line_1_22' title="bbox 104 3286 1042 3377; baseline 0.005 -26"><span class='ocrx_word' id='word_1_121' title='bbox 104 3286 245 3376; x_wconf 85' lang='lat' dir='ltr'><strong>Namque</strong></span> <span class='ocrx_word' id='word_1_122' title='bbox 262 3289 350 3354; x_wconf 90' lang='lat' dir='ltr'><strong>aliud</strong></span> <span class='ocrx_word' id='word_1_123' title='bbox 367 3289 441 3375; x_wconf 89' lang='lat' dir='ltr'><strong>quid</strong></span> <span class='ocrx_word' id='word_1_124' title='bbox 457 3291 494 3354; x_wconf 85' lang='lat' dir='ltr'><strong>sit</strong></span> <span class='ocrx_word' id='word_1_125' title='bbox 510 3289 593 3374; x_wconf 89' lang='lat' dir='ltr'><strong>quod</strong></span> <span class='ocrx_word' id='word_1_126' title='bbox 605 3293 672 3377; x_wconf 88' lang='lat' dir='ltr'><strong>jam</strong></span> <span class='ocrx_word' id='word_1_127' title='bbox 687 3291 856 3376; x_wconf 86' lang='lat' dir='ltr'><strong>implorare</strong></span> <span class='ocrx_word' id='word_1_128' title='bbox 871 3296 1042 3376; x_wconf 67' lang='lat' dir='ltr'><strong>queamus?</strong></span> 
     </span>
     <span class='ocr_line' id='line_1_23' title="bbox 98 3389 1140 3479; baseline 0.01 -25"><span class='ocrx_word' id='word_1_129' title='bbox 98 3389 207 3458; x_wconf 86' lang='lat' dir='ltr'><strong>Cernis</strong></span> <span class='ocrx_word' id='word_1_130' title='bbox 223 3407 258 3458; x_wconf 89' lang='lat' dir='ltr'><strong>ut</strong></span> <span class='ocrx_word' id='word_1_131' title='bbox 275 3391 422 3458; x_wconf 89' lang='lat' dir='ltr'><strong>insultent</strong></span> <span class='ocrx_word' id='word_1_132' title='bbox 438 3391 554 3472; x_wconf 86' lang='lat' dir='ltr'><strong>Rutuli,</strong></span> <span class='ocrx_word' id='word_1_133' title='bbox 569 3393 755 3479; x_wconf 89' lang='lat' dir='ltr'><strong>Turnusque</strong></span> <span class='ocrx_word' id='word_1_134' title='bbox 770 3395 889 3458; x_wconf 85' lang='lat' dir='ltr'><strong>seratur</strong></span> <span class='ocrx_word' id='word_1_135' title='bbox 1098 3401 1140 3464; x_wconf 70' lang='lat'><strong>20</strong></span> 
     </span>
     <span class='ocr_line' id='line_1_24' title="bbox 103 3485 915 3582; baseline 0.002 -26"><span class='ocrx_word' id='word_1_136' title='bbox 103 3493 159 3560; x_wconf 84' lang='lat' dir='ltr'><strong>Per</strong></span> <span class='ocrx_word' id='word_1_137' title='bbox 171 3485 300 3562; x_wconf 75' lang='lat' dir='ltr'><strong>medios</strong></span> <span class='ocrx_word' id='word_1_138' title='bbox 314 3496 439 3582; x_wconf 83' lang='lat' dir='ltr'><strong>insignis</strong></span> <span class='ocrx_word' id='word_1_139' title='bbox 454 3498 551 3579; x_wconf 86' lang='lat' dir='ltr'><strong>equis,</strong></span> <span class='ocrx_word' id='word_1_140' title='bbox 567 3496 762 3580; x_wconf 87' lang='lat' dir='ltr'><strong>tumidusque</strong></span> <span class='ocrx_word' id='word_1_141' title='bbox 777 3495 915 3560; x_wconf 90' lang='lat' dir='ltr'><strong>secundo</strong></span> 
     </span>
    </p>

    <p class='ocr_par' dir='ltr' id='par_1_18' title="bbox 100 3593 1025 3685">
     <span class='ocr_line' id='line_1_25' title="bbox 100 3593 1025 3685; baseline 0.003 -26"><span class='ocrx_word' id='word_1_142' title='bbox 100 3593 200 3662; x_wconf 82' lang='lat' dir='ltr'><strong>Marte</strong></span> <span class='ocrx_word' id='word_1_143' title='bbox 214 3611 311 3663; x_wconf 86' lang='lat' dir='ltr'><strong>ruat:</strong></span> <span class='ocrx_word' id='word_1_144' title='bbox 333 3620 395 3662; x_wconf 91' lang='lat' dir='ltr'><strong>non</strong></span> <span class='ocrx_word' id='word_1_145' title='bbox 410 3596 518 3662; x_wconf 89' lang='lat' dir='ltr'><strong>clausa</strong></span> <span class='ocrx_word' id='word_1_146' title='bbox 534 3611 640 3683; x_wconf 86' lang='lat' dir='ltr'><strong>tegunt</strong></span> <span class='ocrx_word' id='word_1_147' title='bbox 649 3599 717 3685; x_wconf 88' lang='lat' dir='ltr'><strong>jam</strong></span> <span class='ocrx_word' id='word_1_148' title='bbox 732 3597 847 3661; x_wconf 89' lang='lat' dir='ltr'><strong>moenia</strong></span> <span class='ocrx_word' id='word_1_149' title='bbox 862 3596 1025 3678; x_wconf 78' lang='lat' dir='ltr'><strong>Teucros3</strong></span> 
     </span>
    </p>

    <p class='ocr_par' dir='ltr' id='par_1_19' title="bbox 99 3697 873 3788">
     <span class='ocr_line' id='line_1_26' title="bbox 99 3697 873 3788; baseline -0.004 -22"><span class='ocrx_word' id='word_1_150' title='bbox 99 3697 178 3780; x_wconf 79' lang='lat' dir='ltr'><strong>Quin</strong></span> <span class='ocrx_word' id='word_1_151' title='bbox 194 3703 279 3766; x_wconf 88' lang='lat' dir='ltr'><strong>iutra</strong></span> <span class='ocrx_word' id='word_1_152' title='bbox 294 3714 402 3788; x_wconf 85' lang='lat' dir='ltr'><strong>portas</strong></span> <span class='ocrx_word' id='word_1_153' title='bbox 417 3713 511 3785; x_wconf 91' lang='lat' dir='ltr'><strong>atque</strong></span> <span class='ocrx_word' id='word_1_154' title='bbox 526 3701 601 3786; x_wconf 88' lang='lat' dir='ltr'><strong>ipsis</strong></span> <span class='ocrx_word' id='word_1_155' title='bbox 617 3699 727 3785; x_wconf 74' lang='lat' dir='ltr'><strong>proelia</strong></span> <span class='ocrx_word' id='word_1_156' title='bbox 742 3703 873 3764; x_wconf 88' lang='lat' dir='ltr'><strong>miscent</strong></span> 
     </span>
    </p>

    <p class='ocr_par' dir='ltr' id='par_1_20' title="bbox 98 3801 965 3888">
     <span class='ocr_line' id='line_1_27' title="bbox 98 3801 965 3888; baseline 0.002 -24"><span class='ocrx_word' id='word_1_157' title='bbox 98 3803 277 3888; x_wconf 82' lang='lat' dir='ltr'><strong>Aggeribus</strong></span> <span class='ocrx_word' id='word_1_158' title='bbox 291 3825 468 3882; x_wconf 81' lang='lat' dir='ltr'><strong>murorum3</strong></span> <span class='ocrx_word' id='word_1_159' title='bbox 490 3815 520 3866; x_wconf 89' lang='lat' dir='ltr'><strong>et</strong></span> <span class='ocrx_word' id='word_1_160' title='bbox 535 3801 685 3866; x_wconf 87' lang='lat' dir='ltr'><strong>inundant</strong></span> <span class='ocrx_word' id='word_1_161' title='bbox 698 3805 848 3887; x_wconf 86' lang='lat' dir='ltr'><strong>sanguine</strong></span> <span class='ocrx_word' id='word_1_162' title='bbox 863 3803 965 3866; x_wconf 73' lang='lat' dir='ltr'><strong>fossa.</strong></span> 
     </span>
    </p>

    <p class='ocr_par' dir='ltr' id='par_1_21' title="bbox 96 3899 1141 4074">
     <span class='ocr_line' id='line_1_28' title="bbox 98 3899 1141 3994; baseline 0.004 -28"><span class='ocrx_word' id='word_1_163' title='bbox 98 3899 215 3970; x_wconf 75' lang='lat' dir='ltr'><strong>AEoeas</strong></span> <span class='ocrx_word' id='word_1_164' title='bbox 232 3908 361 3994; x_wconf 86' lang='lat' dir='ltr'><strong>ignarus</strong></span> <span class='ocrx_word' id='word_1_165' title='bbox 377 3908 477 3972; x_wconf 83' lang='lat' dir='ltr'><strong>abest.</strong></span> <span class='ocrx_word' id='word_1_166' title='bbox 522 3907 731 3990; x_wconf 84' lang='lat' dir='ltr'><strong>Nunquamne</strong></span> <span class='ocrx_word' id='word_1_167' title='bbox 747 3903 847 3969; x_wconf 91' lang='lat' dir='ltr'><strong>levari</strong></span> <span class='ocrx_word' id='word_1_168' title='bbox 1101 3911 1141 3970; x_wconf 72' lang='grc'><strong>95</strong></span> 
     </span>
     <span class='ocr_line' id='line_1_29' title="bbox 96 4005 902 4074; baseline 0.006 -5"><span class='ocrx_word' id='word_1_169' title='bbox 96 4005 274 4073; x_wconf 81' lang='lat' dir='ltr'><strong>Obsidione</strong></span> <span class='ocrx_word' id='word_1_170' title='bbox 290 4013 394 4073; x_wconf 79' lang='lat' dir='ltr'><strong>sines?</strong></span> <span class='ocrx_word' id='word_1_171' title='bbox 416 4011 509 4073; x_wconf 85' lang='lat' dir='ltr'><strong>muris</strong></span> <span class='ocrx_word' id='word_1_172' title='bbox 525 4012 635 4073; x_wconf 88' lang='lat' dir='ltr'><strong>iterum</strong></span> <span class='ocrx_word' id='word_1_173' title='bbox 652 4007 789 4072; x_wconf 88' lang='lat' dir='ltr'><strong>imminet</strong></span> <span class='ocrx_word' id='word_1_174' title='bbox 804 4007 902 4074; x_wconf 80' lang='lat' dir='ltr'><strong>hostis</strong></span> 
     </span>
    </p>

    <p class='ocr_par' dir='ltr' id='par_1_22' title="bbox 95 4105 841 4198">
     <span class='ocr_line' id='line_1_30' title="bbox 95 4105 841 4198; baseline 0.004 -26"><span class='ocrx_word' id='word_1_175' title='bbox 95 4105 266 4178; x_wconf 77' lang='lat' dir='ltr'><strong>Nascentis</strong></span> <span class='ocrx_word' id='word_1_176' title='bbox 281 4111 407 4198; x_wconf 83' lang='lat' dir='ltr'><strong>Trojae;</strong></span> <span class='ocrx_word' id='word_1_177' title='bbox 429 4133 488 4178; x_wconf 88' lang='lat' dir='ltr'><strong>nec</strong></span> <span class='ocrx_word' id='word_1_178' title='bbox 503 4135 565 4178; x_wconf 89' lang='lat' dir='ltr'><strong>non</strong></span> <span class='ocrx_word' id='word_1_179' title='bbox 580 4113 738 4176; x_wconf 82' lang='lat' dir='ltr'><strong>exercitus</strong></span> <span class='ocrx_word' id='word_1_180' title='bbox 753 4109 841 4193; x_wconf 84' lang='lat' dir='ltr'><strong>alter,</strong></span> 
     </span>
    </p>

    <p class='ocr_par' dir='ltr' id='par_1_23' title="bbox 362 4223 404 4279">
     <span class='ocr_line' id='line_1_31' title="bbox 362 4223 404 4279; baseline 0.024 -1"><span class='ocrx_word' id='word_1_181' title='bbox 362 4223 404 4279; x_wconf 81' lang='lat'><strong>40</strong></span> 
     </span>
    </p>
   </div>
   <div class='ocr_carea' id='block_1_5' title="bbox 0 0 1390 4998">
    <p class='ocr_par' dir='ltr' id='par_1_24' title="bbox 0 0 1390 4998">
     <span class='ocr_line' id='line_1_32' title="bbox 0 0 1390 4998; baseline 0 6"><span class='ocrx_word' id='word_1_182' title='bbox 0 0 1390 4998; x_wconf 95' lang='lat' dir='ltr'><strong> </strong></span> 
     </span>
    </p>
   </div>
  </div>
 </body>
</html>
