2928 5002
244 491 283 546 to

634 489 921 554 GEORGICORUM

288 639 395 718 Quum
411 642 541 726 graviter
554 644 650 708 tunsis
665 648 759 730 gemit
775 667 846 709 area
862 643 1008 730 frugibus,
1024 659 1055 710 et
1071 665 1164 732 quum

289 747 473 833 Surgentem
489 749 528 812 ad
545 749 713 833 zephyrum
729 750 824 835 palee
836 750 988 836 jactentur
1003 751 1119 816 inanes.

287 850 359 918 Hoc
376 853 499 932 iaciunt,
515 853 609 917 nimio
624 875 663 917 ue
679 855 753 919 luxu
768 856 903 921 obtusior
916 878 988 921 usus

253 1046 255 1059 Ι
289 959 336 1024 Sit
348 960 469 1044 genitali
485 941 568 1038 afro,
585 975 616 1023 et
631 960 733 1025 sulcos
748 961 875 1025 oblimet
889 963 1024 1044 inertes3

288 1063 353 1129 Sed
369 1067 466 1149 rapiat
482 1045 777 1178 sitie'rlsKVeneremg
786 1065 971 1150 interiitsque
983 1067 1140 1133 recondat.

251 1158 255 1215 .'
330 1169 452 1235 Rursus
467 1192 542 1234 cura
553 1175 673 1254 parium
690 1173 813 1248 cadere,
830 1184 862 1232 et
876 1173 1047 1236 succedere
1063 1185 1193 1237 matrum

284 1275 407 1361 Incipit.
431 1273 560 1339 Exactis
576 1275 706 1358 gravide
720 1296 814 1358 quum
829 1275 985 1340 mensibus
1000 1293 1112 1358 errant,

285 1379 358 1446 Nou
374 1381 440 1444 illas
456 1380 596 1464 gravibus
612 1380 771 1464 quisquam
782 1379 858 1466 juga
874 1380 988 1446 ducere
1004 1384 1154 1467 plaustris,

286 1487 359 1551 Non
375 1486 450 1550 saltu
468 1506 612 1570 superare
625 1485 704 1547 viam
721 1487 758 1548 sit
773 1509 891 1572 passus,
907 1501 939 1551 et
954 1491 1016 1552 acri

286 1588 426 1675 Carpere
441 1604 528 1674 prata
544 1587 625 1672 lugia,
639 1589 807 1676 fluviosque
824 1594 928 1658 innare
945 1617 1085 1680 rapaces.

287 1696 420 1761 Saltibus
435 1698 466 1761 iu
481 1696 585 1760 vacuis
600 1711 737 1780 pascant,
754 1712 785 1760 et
797 1697 888 1782 plena
903 1702 1075 1766 secundum

285 1801 439 1880 Flumina,
456 1823 579 1866 muscus
595 1802 657 1879 ubi,
674 1816 705 1865 et
716 1802 897 1867 viridissima
908 1795 1047 1888 ¹gramine
1062 1809 1139 1891 ripa,

286 1910 509 1995 speluncaque
525 1921 639 1990 tegant,
655 1923 686 1971 et
701 1929 796 1972 saxea
813 1911 961 1994 procubet
976 1913 1094 1976 umbra.

329 2013 389 2078 Est
404 2014 488 2076 lucos
506 2011 595 2076 Silari
612 2013 695 2076 circa
710 2012 889 2098 ilicibusque
904 2017 1052 2079 virentem

284 2118 440 2184 Plurimus
456 2117 627 2180 Alburnum
643 2117 781 2196 volitans,
798 2119 847 2182 cui
863 2139 975 2182 nomeu
992 2119 1066 2183 asilo

285 2224 461 2290 Romanum
478 2238 535 2300 est,
551 2236 677 2286 oestrum
694 2220 778 2284 Graii
794 2219 914 2286 vertere
929 2236 1095 2299 vocantes3

283 2331 396 2414 Asper,
413 2326 524 2392 acerba
540 2347 673 2406 sonans;
696 2348 757 2410 quo
772 2340 834 2391 tota
849 2329 994 2389 exterrita
1010 2326 1090 2389 silvis

282 2433 456 2518 Diffugiunt
471 2447 629 2512 armenta;
652 2430 722 2497 furit
738 2432 901 2518 mugitibus
918 2433 1010 2496 aether

283 2541 473 2617 Concussus,
490 2527 644 2623 silvaque,
661 2551 692 2600 et
705 2539 779 2602 sicci
794 2538 860 2621 ripn
874 2537 1021 2622 Tanagri.

283 2645 357 2712 Hoc
374 2646 529 2732 quondam
544 2657 678 2708 monstro
690 2643 850 2706 horribiles
866 2643 1007 2707 exercuit
1022 2643 1081 2707 iras

281 2752 414 2818 Inachia
430 2751 511 2814 luno
526 2764 646 2833 pestem
662 2749 808 2812 meditata
817 2747 971 2834 juvenca.

282 2856 377 2923 Hunc
393 2875 526 2939 qnoque,
542 2873 613 2915 nam
629 2851 739 2914 mediis
755 2849 922 2912 fervoribus
939 2853 1151 2931 acuminatur,

281 2959 414 3024 Arcebis
428 2953 553 3041 pavido
569 2951 685 3037 pecori,
702 2965 900 3035 armentaque
916 2974 1026 3037 pasces

284 3063 358 3129 Sole
374 3058 484 3124 recbns
499 3069 576 3135 orto,
589 3068 641 3119 aut
655 3067 779 3120 noctem
792 3054 973 3121 ducentibus
990 3059 1087 3123 astris.

326 3168 403 3232 Post
419 3180 549 3251 partum,
566 3183 640 3228 cura
652 3162 682 3225 iu
698 3162 806 3227 vitulos
822 3163 987 3228 traducitur
1002 3167 1123 3248 omnis;

283 3271 501 3357 Contioubque
517 3285 605 3336 notas
620 3283 651 3333 et
666 3270 788 3334 nomina
804 3271 901 3354 gentis
916 3265 1057 3352 inurunt3

282 3381 326 3448 Et
342 3402 428 3466 quos,
446 3392 496 3444 aut
512 3377 617 3460 pecori
632 3375 737 3440 malint
753 3375 929 3440 submittere
945 3377 1098 3456 babendo,

283 3487 348 3552 Aut
363 3486 422 3549 aris
437 3502 559 3547 servare
575 3501 690 3558 sacros,
706 3493 758 3544 aut
773 3481 914 3544 scindere
930 3495 1054 3561 terram,

283 3591 326 3658 Et
342 3611 486 3675 campum
501 3588 676 3650 horrentem
692 3585 794 3649 fractis
810 3587 960 3649 invertere
976 3586 1093 3672 glebis:

284 3699 407 3764 Cetera
422 3708 585 3780 pascuntur
600 3692 864 3776 viridesqarmeuta
876 3713 931 3777 per
947 3694 1069 3770 herbas.

282 3805 335 3872 Tu
347 3824 423 3889 quos
438 3801 478 3865 ad
494 3798 626 3863 studium
642 3811 732 3882 atque
748 3820 836 3862 usum
848 3797 992 3863 formabis
1008 3815 1169 3885 agrestem,

282 3911 353 3975 Janr
367 3907 477 3972 vitulos
492 3905 624 3982 hortare,
640 3903 782 3987 viamque
797 3903 901 3969 insiste
917 3904 1073 3986 domandi,
1140 3922 1142 3930 ’

283 4017 369 4084 Dum
385 4013 491 4078 faciles
504 4012 598 4078 animi
608 4011 768 4097 juvenum,
784 4012 857 4074 dum
873 4013 992 4076 mobilis
1008 4027 1089 4080 etas.

283 4126 332 4189 Ac
348 4119 478 4210 primum
492 4117 580 4183 laxos
593 4117 675 4182 tenui
691 4118 730 4180 de
747 4118 856 4181 vinrina
873 4119 982 4183 circlos

285 4225 409 4294 Cervici
424 4224 592 4302 subnecte3
615 4223 737 4302 dehinc,
749 4222 801 4288 ubi
815 4222 910 4289 libera
925 4225 1003 4289 colla
