2756 5010
228 383 288 440 reo
670 369 862 436 munroos
947 345 951 356 '

272 533 351 614 Quae
366 547 445 620 sese,
460 525 563 594 multis
578 525 695 592 circum
711 523 895 590 latrantibus
908 521 1009 602 undis,

273 633 358 697 Mole
374 644 477 696 tenete
500 630 620 716 scopuli
634 627 847 713 nequidquam
861 639 893 690 et
906 645 1036 712 spumea
1049 621 1166 690 circium

275 737 360 799 Saxa
373 735 515 812 fremunt,
530 731 683 816 laterique
698 730 780 794 illisa
795 727 967 794 refunditur
982 727 1065 814 alga.
1230 725 1277 785 590

276 833 407 914 verum,
421 835 476 899 ubi
491 833 576 898 nulla
589 831 682 896 datur
696 851 814 896 caecum
830 850 1019 915 exsuperare
1034 839 1167 914 potestas

276 938 458 1017 Consilium,
472 951 503 1002 et
517 957 609 1001 saevte
623 946 699 1000 nutu
712 933 842 998 Junonis
857 944 930 996 eunt
943 953 1004 1011 res,

277 1043 378 1110 Multa
391 1043 468 1108 deos
483 1061 637 1126 aurasque
651 1053 742 1125 pater
756 1049 885 1102 testatus
898 1038 1017 1117 inanes,

276 1146 471 1232 Frangimur‚
486 1144 564 1210 beu!
586 1143 668 1221 fatis,
683 1143 792 1226 inquit,
806 1141 997 1224 serimusque
1011 1135 1160 1224 procelli.

279 1247 343 1333 lpsi
358 1247 414 1310 has
429 1244 582 1332 sacrilego
596 1241 739 1329 pendetis
754 1241 901 1327 sanguine
916 1261 1036 1326 poenas,
1232 1236 1280 1295 595

278 1350 309 1414 O
323 1352 428 1412 miseri
440 1350 447 1408 l
470 1361 510 1427 te,
520 1346 642 1444 Limne,
657 1345 753 1424 nefas,
767 1356 797 1408 te
811 1343 897 1408 triste
912 1343 1051 1408 manebit

280 1449 491 1536 Supplicium
513 1451 654 1533 votisque
668 1446 745 1511 deos
759 1446 953 1510 venerabere
967 1448 1057 1510 seris.

280 1552 310 1615 N
313 1573 363 1615 am
377 1549 454 1614 mihi
467 1562 558 1634 parta
573 1549 670 1632 quies,
684 1544 860 1632 [omnisque
874 1548 905 1612 in
920 1547 1028 1612 limine
1042 1544 1180 1632 portus3]

280 1653 403 1727 Funere
418 1649 502 1716 felici
517 1649 644 1735 spolior.
687 1650 755 1714 Nec
769 1649 859 1735 plura
874 1650 1003 1729 locutus,

283 1755 387 1838 Sepsit
401 1775 434 1816 se
449 1754 548 1831 tectis,
563 1773 729 1836 rerumque
743 1750 870 1836 reliquit
884 1751 1036 1816 habenas.
1237 1747 1285 1807 6⁰⁰

324 1854 395 1917 Mos
410 1865 478 1916 erat
492 1853 651 1937 Hesperio
666 1853 696 1916 in
712 1852 815 1931 Latio,
830 1873 921 1937 quem
936 1866 1083 1938 protenus
1097 1851 1187 1916 urbes

281 1956 414 2021 Albanae
429 1953 555 2019 coluire
570 1975 703 2034 sacrum,
716 1977 799 2021 nunc
814 1959 952 2020 maxima
966 1977 1070 2020 rerum

283 2059 386 2124 Roma
400 2057 484 2138 colit,
499 2080 591 2143 quum
607 2059 707 2143 prima
722 2073 846 2124 movent
859 2062 891 2126 in
906 2058 1017 2144 proelia
1033 2059 1175 2140 Martem,

284 2164 359 2226 Sive
373 2163 461 2226 Getis
472 2148 591 2227 'inferre
606 2183 698 2228 manu
714 2160 921 2248 lacrymabile
936 2161 1064 2241 bellum,

285 2266 498 2353 Hyrcanisve,
513 2267 669 2330 Arabisve
684 2279 806 2351 parant,
820 2287 875 2328 seu
889 2263 1017 2328 tendere
1033 2263 1074 2329 ad
1089 2262 1188 2342 ludos,
1242 2262 1291 2320 605

189 2430 194 2448 ,
285 2370 503 2452 Auroramque
518 2369 616 2451 sequi,
631 2366 824 2456 Parthosque
839 2387 1006 2452 reposcere
1019 2370 1120 2453 signa.

287 2471 365 2536 Sunt
378 2474 508 2560 geminae
524 2468 600 2535 belli
615 2483 723 2556 porta,
737 2473 783 2534 sic
799 2471 922 2536 nomine
936 2469 1055 2550 dicunt,

287 2574 464 2663 Relligione
479 2597 589 2656 sacrae,
604 2590 634 2639 et
648 2579 723 2640 saevi
738 2573 901 2640 formidine
916 2576 1051 2640 Martis:

225 2719 233 2732 ·
286 2675 421 2741 Centum
435 2681 510 2742 aerei
525 2675 672 2742 claudunt
686 2691 800 2757 vectes,
815 2689 992 2762 eternaque
1007 2677 1084 2742 lerri

288 2778 439 2859 Robora3
460 2801 518 2842 nec
532 2792 636 2842 custos
651 2778 774 2842 absistit
789 2777 893 2843 limine
907 2780 1016 2844 lanus.
1247 2779 1297 2839 61⁰

289 2882 371 2959 Has,
385 2880 439 2943 ubi
454 2893 542 2943 certa
556 2879 645 2944 sedet
658 2880 800 2964 patribus
814 2886 967 2946 sententia
978 2903 1103 2970 pugnae,

289 2983 370 3066 lpse,
384 2980 537 3062 Quirinali
551 2980 662 3044 trabea
676 2984 843 3067 cinctuque
856 2983 982 3048 Gabino

290 3083 431 3168 lusignis‚
445 3095 565 3147 reserat
580 3081 739 3146 stridentia
754 3081 861 3148 limina
876 3083 1004 3165 cousul;

291 3187 361 3272 lpse
377 3197 469 3249 vocat
483 3207 620 3272 pugnas:
643 3186 781 3268 sequitur
795 3199 859 3250 tum
872 3199 988 3252 caetera
1001 3187 1113 3272 pubes,

290 3287 448 3372 AEreaque
463 3307 588 3351 assensu
604 3287 783 3372 conspirant
796 3309 915 3352 cornua
928 3309 1036 3352 rauco.
1253 3293 1303 3350 tto

292 3393 364 3456 Hoc
379 3403 411 3455 et
425 3403 488 3454 tum
504 3388 653 3456 AEueadis
668 3389 805 3455 indicere
820 3389 905 3455 bella
919 3391 1050 3456 Latinus

292 3496 382 3559 More
393 3492 572 3580 jubebatur,
587 3495 751 3577 tristesque
766 3491 929 3558 recludere
943 3506 1060 3578 portas.

292 3596 449 3661 Abstinuit
463 3607 546 3658 tactu
559 3607 659 3680 pater,
673 3617 862 3680 aversusque
876 3597 988 3682 refugit

292 3699 393 3765 Foeda
407 3698 587 3777 ministeria,
602 3712 633 3762 et
646 3691 739 3763 coecis
753 3721 787 3764 se
802 3699 942 3764 condidit
955 3700 1084 3766 umbris.

293 3804 375 3867 Tum
390 3800 710 3888 reginadetim‚coelo
725 3801 865 3887 delapsa,
879 3815 1035 3868 morantes
1260 3803 1311 3862 ⁶90

295 3904 419 3992 lmpulit
434 3905 502 3991 ipsa
517 3927 608 3970 manu
623 3919 739 3991 portas,
754 3918 785 3970 et
799 3904 930 3972 cardine
944 3928 1036 3973 verso

296 4008 377 4072 Belli
393 4007 524 4072 serratos
538 4010 622 4094 rupit
637 4007 781 4074 Saturnia
794 4021 909 4092 postes.
