2772 4998
232 455 289 546 sas
397 545 404 552 ⁸
667 451 857 514 anemos

274 613 414 696 Quatuor
429 609 481 678 bic
498 613 638 701 juvenes,
653 613 792 694 totidem,
807 633 884 698 quos
900 611 1014 678 educat
1028 611 1137 696 Ufens}

274 713 427 780 Viventes
441 717 534 800 rapit,
548 715 674 779 inferias
689 737 766 801 quos
781 715 916 780 immolet
930 717 1058 799 umbris,

272 816 471 903 Captivoque
484 817 550 904 rogi
564 817 730 904 perfundat
744 818 891 904 sanguine
906 819 1056 884 flammas.
1236 824 1288 882 59⁰

274 919 350 988 lude
366 921 461 1008 Mago
475 919 585 1008 procul
599 921 749 985 infensam
764 920 966 986 contenderat
981 919 1123 1002 hastam·;

274 1021 331 1090 llle
345 1037 414 1090 astu
427 1025 520 1105 subit,
535 1043 572 1088 ac
588 1021 791 1088 tremebunda
805 1021 986 1108 supervolat
1000 1023 1108 1089 basta:

273 1125 314 1192 Et
327 1145 428 1212 genua
443 1123 634 1211 amplectens
648 1121 758 1188 effatur
773 1122 848 1188 talia
862 1122 1014 1210 supplex:

274 1225 335 1292 Per
347 1227 464 1313 patrios
478 1247 594 1307 manes,
607 1247 665 1312 per
679 1247 751 1312 spes
765 1225 917 1312 surgentis
932 1225 1000 1308 liiii,

203 1345 210 1348 ·
272 1328 321 1394 Te
335 1348 457 1414 precor,
471 1326 553 1392 hanc
568 1330 703 1398 animam
718 1347 824 1394 serves
838 1339 973 1412 natoque
987 1328 1144 1415 patrique.
1240 1333 1288 1420 tii

272 1428 329 1494 Est
343 1429 452 1494 domus
467 1427 551 1494 alta:
568 1429 675 1516 jacent
689 1427 811 1516 penitius
825 1427 950 1494 defossa
964 1428 1080 1495 talenta

272 1531 386 1598 Celati
399 1535 536 1620 argenti:
559 1544 629 1598 sunt
643 1532 711 1597 auri
725 1532 866 1618 pondera
880 1533 956 1598 lacti

272 1632 444 1719 infectique
458 1631 551 1698 mihi:
574 1655 634 1698 non
649 1633 704 1698 bic
717 1633 849 1699 victoria
863 1633 1023 1700 Teucrtim
1119 1668 1124 1675 ·

272 1733 424 1814 Vertitur,
439 1745 492 1798 aut
506 1737 611 1798 anima
625 1755 688 1798 una
701 1733 790 1798 dabit
804 1733 985 1800 discrimina
999 1746 1096 1800 tanta.

271 1837 417 1902 Dixerat.
460 1833 578 1901 AEneas
592 1837 700 1902 contra
714 1841 766 1902 cui
781 1835 856 1902 talia
868 1836 992 1904 reddit:
1238 1839 1289 1899 tao

272 1940 402 2024 Argenti
417 1949 510 2022 atque
526 1937 593 2002 auri
607 1945 761 2002 memoras
776 1959 845 2023 quae
861 1938 957 2003 multa
972 1936 1100 2019 talenta,

270 2041 380 2106 Gnatis
394 2061 490 2126 parce
505 2040 583 2104 tuis:
603 2038 679 2105 belli
692 2040 882 2104 commercia
897 2040 1020 2106 Turnus

272 2143 398 2209 Sustulit
412 2147 471 2208 ista
485 2144 581 2229 prior,
590 2143 658 2229 jam
672 2154 736 2207 tum
752 2141 892 2208 Pallante
905 2157 1078 2230 perempto.

272 2251 346 2317 Hoc
360 2251 458 2335 patris
473 2247 618 2313 Anchisae
633 2269 748 2329 manes,
762 2248 823 2313 boc
838 2250 929 2315 sentit
943 2249 1038 2316 liilus.

271 2353 325 2418 Sic
339 2353 430 2432 satus,
444 2351 565 2439 galeam
580 2351 659 2416 lteri
673 2363 766 2434 tenet,
781 2365 875 2437 atque
889 2352 1008 2418 reflexi
1237 2345 1292 2413 535

270 2447 405 2522 cervice
419 2457 537 2520 orantis
551 2454 664 2540 capulo
678 2466 766 2519 tenus
780 2453 918 2540 applicat
932 2475 1047 2519 ensem.

271 2557 340 2623 Nec
354 2557 464 2644 procul
479 2555 692 2637 Haemonides,
707 2555 818 2622 Phoebi
832 2557 1011 2643 Triviaeque
1025 2555 1184 2638 sacerdos,

271 2660 371 2726 infula
385 2663 436 2725 cui
451 2659 542 2725 sacri
555 2659 725 2724 redimibat
738 2671 879 2746 tempora
892 2659 978 2740 vini,

271 2765 370 2830 Totus
384 2763 541 2829 collucens
556 2775 642 2827 veste
657 2774 750 2847 atque
764 2762 937 2848 insignibus
952 2765 1066 2844 armis3

271 2868 372 2948 Quem
386 2883 570 2950 congressus
584 2867 648 2948 agit
661 2884 782 2949 campo,
798 2862 982 2948 lapsumque
996 2877 1174 2949 superstans
1236 2867 1291 2926 sto

271 2965 421 3045 lmmolat,
436 2965 611 3049 ingentique
625 2965 735 3029 umbria
750 2969 844 3052 tegit:
867 2986 955 3030 arma
970 2967 1110 3032 Serestus

269 3070 370 3134 Lecta
383 3069 479 3132 refert
494 3065 639 3146 humeris
653 3067 720 3147 tibi,
734 3089 792 3132 rex
805 3067 957 3150 Gradive,
971 3081 1133 3155 tropaeum.

271 3173 444 3236 Instaurant
458 3169 551 3250 acieS,
565 3168 702 3234 Vulcani
716 3174 813 3256 stirpe
828 3183 951 3235 creatus

269 3272 424 3354 Caeculus,
438 3285 469 3336 et
483 3272 609 3337 veniens
625 3271 800 3340 Marsorum
814 3275 971 3340 montibus
987 3273 1119 3339 Umbro.

269 3375 470 3442 Dardanides
484 3375 592 3441 contri
606 3376 689 3440 furit.
733 3377 869 3441 Anxuris
884 3399 958 3441 ense
973 3377 1137 3458 sinistram,
1236 3383 1291 3440 545

269 3479 310 3546 Et
324 3491 419 3544 totum
433 3478 540 3564 clypei
554 3479 638 3544 ferro
652 3477 811 3565 dejecerat
826 3478 945 3545 orbem.

268 3581 406 3676 Dixerag
416 3579 601 3678 illegliquid
615 3601 768 3667 magnum,
782 3582 907 3668 vimque
921 3581 1018 3648 affore
1032 3584 1131 3650 verbo

269 3681 468 3764 Crediderat,
482 3682 626 3768 coeloque
640 3685 776 3748 animum
790 3688 921 3750 sortasse
935 3687 1067 3768 ferebat,

257 3787 487 3871 'Canitiemque
501 3785 563 3850 sibi
578 3797 608 3849 et
622 3783 729 3871 longos
742 3787 927 3871 promiserat
942 3809 1050 3852 annos.

268 3889 439 3974 Tarquitus
452 3887 611 3954 exsultans
625 3887 733 3952 contri
747 3887 934 3973 fulgentibus
949 3893 1052 3970 armis,
1239 3895 1295 3954 5⁵0

269 3989 422 4056 Silvicolae
437 3989 546 4055 Fauno
559 3988 693 4076 Dryope
707 4009 800 4076 quem
815 3991 966 4078 Nympha
979 3991 1112 4074 crefimt,

268 4093 390 4159 Obvius
403 4090 525 4158 ardenti
539 4113 608 4157 sese
621 4091 753 4158 obtulitt
774 4091 829 4158 ille
843 4092 974 4160 reducti
