<?xml version="1.0" encoding="UTF-8"?>
<!DOCTYPE html PUBLIC "-//W3C//DTD XHTML 1.0 Transitional//EN"
    "http://www.w3.org/TR/xhtml1/DTD/xhtml1-transitional.dtd">
<html xmlns="http://www.w3.org/1999/xhtml" xml:lang="en" lang="en">
 <head>
  <title>
</title>
<meta http-equiv="Content-Type" content="text/html;charset=utf-8" />
  <meta name='ocr-system' content='tesseract 3.04.00' />
  <meta name='ocr-capabilities' content='ocr_page ocr_carea ocr_par ocr_line ocrx_word'/>
</head>
<body>
  <div class='ocr_page' id='page_1' title='image "./bucolicageorgic00goulgoog_0122.png"; bbox 0 0 2890 5002; ppageno 0'>
   <div class='ocr_carea' id='block_1_1' title="bbox 203 340 826 406">
    <p class='ocr_par' dir='ltr' id='par_1_1' title="bbox 203 340 826 406">
     <span class='ocr_line' id='line_1_1' title="bbox 203 340 826 406; baseline -0.003 -6"><span class='ocrx_word' id='word_1_1' title='bbox 203 343 257 402; x_wconf 87' lang='lat' dir='ltr'>too</span> <span class='ocrx_word' id='word_1_2' title='bbox 639 340 826 406; x_wconf 79' lang='lat' dir='ltr'>AENEIDOS</span> 
     </span>
    </p>
   </div>
   <div class='ocr_carea' id='block_1_2' title="bbox 246 473 1291 2310">
    <p class='ocr_par' dir='ltr' id='par_1_2' title="bbox 246 473 1291 2310">
     <span class='ocr_line' id='line_1_2' title="bbox 246 473 985 578; baseline -0.005 -24"><span class='ocrx_word' id='word_1_3' title='bbox 246 492 279 556; x_wconf 90' lang='lat' dir='ltr'>In</span> <span class='ocrx_word' id='word_1_4' title='bbox 295 490 408 556; x_wconf 85' lang='lat' dir='ltr'>coelum</span> <span class='ocrx_word' id='word_1_5' title='bbox 423 489 554 578; x_wconf 84' lang='lat' dir='ltr'>scopuli,</span> <span class='ocrx_word' id='word_1_6' title='bbox 569 511 698 576; x_wconf 87' lang='lat' dir='ltr'>quorum</span> <span class='ocrx_word' id='word_1_7' title='bbox 714 491 773 555; x_wconf 90' lang='lat' dir='ltr'>sub</span> <span class='ocrx_word' id='word_1_8' title='bbox 788 473 906 554; x_wconf 78' lang='lat' dir='ltr'>vertice</span> <span class='ocrx_word' id='word_1_9' title='bbox 921 487 985 552; x_wconf 74' lang='lat' dir='ltr'>late·</span> 
     </span>
     <span class='ocr_line' id='line_1_3' title="bbox 247 593 1033 680; baseline -0.01 -20"><span class='ocrx_word' id='word_1_10' title='bbox 247 595 385 680; x_wconf 81' lang='lat' dir='ltr'>AEquora</span> <span class='ocrx_word' id='word_1_11' title='bbox 401 609 465 659; x_wconf 87' lang='lat' dir='ltr'>tuta</span> <span class='ocrx_word' id='word_1_12' title='bbox 476 593 584 675; x_wconf 74' lang='lat' dir='ltr'>silent,</span> <span class='ocrx_word' id='word_1_13' title='bbox 606 608 670 658; x_wconf 89' lang='lat' dir='ltr'>tum</span> <span class='ocrx_word' id='word_1_14' title='bbox 684 593 770 657; x_wconf 87' lang='lat' dir='ltr'>silvis</span> <span class='ocrx_word' id='word_1_15' title='bbox 785 612 880 656; x_wconf 87' lang='lat' dir='ltr'>scena</span> <span class='ocrx_word' id='word_1_16' title='bbox 894 593 1033 654; x_wconf 87' lang='lat' dir='ltr'>coruscis</span> 
     </span>
     <span class='ocr_line' id='line_1_4' title="bbox 246 688 1281 781; baseline -0.01 -21"><span class='ocrx_word' id='word_1_17' title='bbox 246 695 400 781; x_wconf 81' lang='lat' dir='ltr'><strong>Desuper,</strong></span> <span class='ocrx_word' id='word_1_18' title='bbox 416 695 614 780; x_wconf 84' lang='lat' dir='ltr'>horrentique</span> <span class='ocrx_word' id='word_1_19' title='bbox 630 708 730 759; x_wconf 87' lang='lat' dir='ltr'>atrum</span> <span class='ocrx_word' id='word_1_20' title='bbox 745 716 852 758; x_wconf 89' lang='lat' dir='ltr'>nemus</span> <span class='ocrx_word' id='word_1_21' title='bbox 866 695 1006 756; x_wconf 85' lang='lat' dir='ltr'>imminet</span> <span class='ocrx_word' id='word_1_22' title='bbox 1019 688 1173 758; x_wconf 67' lang='lat' dir='ltr'>umbi-iter</span> <span class='ocrx_word' id='word_1_23' title='bbox 1218 695 1281 752; x_wconf 88' lang='grc'>165</span> 
     </span>
     <span class='ocr_line' id='line_1_5' title="bbox 248 795 1111 882; baseline -0.008 -20"><span class='ocrx_word' id='word_1_24' title='bbox 248 797 362 864; x_wconf 82' lang='lat' dir='ltr'><strong>Fronte</strong></span> <span class='ocrx_word' id='word_1_25' title='bbox 377 800 435 863; x_wconf 89' lang='lat' dir='ltr'>sub</span> <span class='ocrx_word' id='word_1_26' title='bbox 451 797 584 863; x_wconf 70' lang='lat' dir='ltr'>adversa</span> <span class='ocrx_word' id='word_1_27' title='bbox 599 795 733 882; x_wconf 88' lang='lat' dir='ltr'>scopulis</span> <span class='ocrx_word' id='word_1_28' title='bbox 749 795 955 882; x_wconf 69' lang='lat' dir='ltr'>pendentibus</span> <span class='ocrx_word' id='word_1_29' title='bbox 971 806 1111 869; x_wconf 86' lang='lat' dir='ltr'>antrum;</span> 
     </span>
     <span class='ocr_line' id='line_1_6' title="bbox 249 897 945 985; baseline -0.009 -21"><span class='ocrx_word' id='word_1_30' title='bbox 249 901 333 964; x_wconf 87' lang='lat' dir='ltr'>Intus</span> <span class='ocrx_word' id='word_1_31' title='bbox 349 921 435 985; x_wconf 76' lang='lat' dir='ltr'>aque</span> <span class='ocrx_word' id='word_1_32' title='bbox 450 899 568 979; x_wconf 88' lang='lat' dir='ltr'>dulces,</span> <span class='ocrx_word' id='word_1_33' title='bbox 582 901 717 982; x_wconf 90' lang='lat' dir='ltr'>vivoque</span> <span class='ocrx_word' id='word_1_34' title='bbox 732 897 842 960; x_wconf 87' lang='lat' dir='ltr'>sedilia</span> <span class='ocrx_word' id='word_1_35' title='bbox 859 917 945 974; x_wconf 84' lang='lat' dir='ltr'>saxo,</span> 
     </span>
     <span class='ocr_line' id='line_1_7' title="bbox 249 996 1125 1090; baseline -0.013 -21"><span class='ocrx_word' id='word_1_36' title='bbox 249 1003 467 1090; x_wconf 82' lang='lat' dir='ltr'>Nympharum</span> <span class='ocrx_word' id='word_1_37' title='bbox 483 1003 610 1067; x_wconf 85' lang='lat' dir='ltr'>domus:</span> <span class='ocrx_word' id='word_1_38' title='bbox 633 1001 685 1064; x_wconf 88' lang='lat' dir='ltr'>htc</span> <span class='ocrx_word' id='word_1_39' title='bbox 701 1002 798 1065; x_wconf 87' lang='lat' dir='ltr'>fessas</span> <span class='ocrx_word' id='word_1_40' title='bbox 813 1023 874 1064; x_wconf 91' lang='lat' dir='ltr'>non</span> <span class='ocrx_word' id='word_1_41' title='bbox 889 996 1016 1062; x_wconf 87' lang='lat' dir='ltr'>vincula</span> <span class='ocrx_word' id='word_1_42' title='bbox 1030 1017 1125 1060; x_wconf 87' lang='lat' dir='ltr'>naves</span> 
     </span>
     <span class='ocr_line' id='line_1_8' title="bbox 250 1097 1049 1186; baseline -0.009 -18"><span class='ocrx_word' id='word_1_43' title='bbox 250 1103 325 1168; x_wconf 89' lang='lat' dir='ltr'>Ulla</span> <span class='ocrx_word' id='word_1_44' title='bbox 340 1119 453 1185; x_wconf 86' lang='lat' dir='ltr'>tenent,</span> <span class='ocrx_word' id='word_1_45' title='bbox 467 1127 548 1168; x_wconf 89' lang='lat' dir='ltr'>unco</span> <span class='ocrx_word' id='word_1_46' title='bbox 562 1126 624 1167; x_wconf 90' lang='lat' dir='ltr'>non</span> <span class='ocrx_word' id='word_1_47' title='bbox 640 1101 747 1186; x_wconf 85' lang='lat' dir='ltr'>alligat</span> <span class='ocrx_word' id='word_1_48' title='bbox 762 1101 901 1164; x_wconf 82' lang='lat' dir='ltr'>anchora</span> <span class='ocrx_word' id='word_1_49' title='bbox 915 1097 1049 1163; x_wconf 70' lang='lat' dir='ltr'>morsu.¹</span> 
     </span>
     <span class='ocr_line' id='line_1_9' title="bbox 250 1202 988 1294; baseline -0.014 -21"><span class='ocrx_word' id='word_1_50' title='bbox 250 1209 325 1273; x_wconf 88' lang='lat' dir='ltr'>Huc</span> <span class='ocrx_word' id='word_1_51' title='bbox 339 1223 457 1294; x_wconf 84' lang='lat' dir='ltr'><strong>septem</strong></span> <span class='ocrx_word' id='word_1_52' title='bbox 474 1205 587 1270; x_wconf 83' lang='lat' dir='ltr'>AEneas</span> <span class='ocrx_word' id='word_1_53' title='bbox 602 1202 742 1266; x_wconf 78' lang='lat' dir='ltr'>collectis</span> <span class='ocrx_word' id='word_1_54' title='bbox 757 1202 890 1266; x_wconf 88' lang='lat' dir='ltr'>navibus</span> <span class='ocrx_word' id='word_1_55' title='bbox 905 1204 988 1264; x_wconf 89' lang='lat' dir='ltr'>omni</span> 
     </span>
     <span class='ocr_line' id='line_1_10' title="bbox 249 1303 1009 1390; baseline -0.012 -15"><span class='ocrx_word' id='word_1_56' title='bbox 249 1310 300 1375; x_wconf 87' lang='lat' dir='ltr'>Ex</span> <span class='ocrx_word' id='word_1_57' title='bbox 314 1331 442 1374; x_wconf 87' lang='lat' dir='ltr'>nurnero</span> <span class='ocrx_word' id='word_1_58' title='bbox 457 1308 557 1383; x_wconf 72' lang='lat' dir='ltr'>subit,</span> <span class='ocrx_word' id='word_1_59' title='bbox 579 1327 627 1383; x_wconf 89' lang='lat' dir='ltr'>ac,</span> <span class='ocrx_word' id='word_1_60' title='bbox 642 1325 753 1390; x_wconf 89' lang='lat' dir='ltr'>magno</span> <span class='ocrx_word' id='word_1_61' title='bbox 769 1303 887 1368; x_wconf 88' lang='lat' dir='ltr'>telluris</span> <span class='ocrx_word' id='word_1_62' title='bbox 903 1324 1009 1368; x_wconf 86' lang='lat' dir='ltr'>amoro</span> 
     </span>
     <span class='ocr_line' id='line_1_11' title="bbox 248 1406 911 1497; baseline -0.015 -18"><span class='ocrx_word' id='word_1_63' title='bbox 248 1413 384 1497; x_wconf 84' lang='lat' dir='ltr'>Egressi,</span> <span class='ocrx_word' id='word_1_64' title='bbox 398 1407 504 1493; x_wconf 72' lang='lat' dir='ltr'>optata</span> <span class='ocrx_word' id='word_1_65' title='bbox 518 1410 676 1492; x_wconf 88' lang='lat' dir='ltr'>potiuntur</span> <span class='ocrx_word' id='word_1_66' title='bbox 690 1407 790 1470; x_wconf 69' lang='lat' dir='ltr'>Trois</span> <span class='ocrx_word' id='word_1_67' title='bbox 806 1406 911 1486; x_wconf 74' lang='lat' dir='ltr'>areni,</span> 
     </span>
     <span class='ocr_line' id='line_1_12' title="bbox 248 1510 928 1596; baseline -0.007 -19"><span class='ocrx_word' id='word_1_68' title='bbox 248 1511 290 1577; x_wconf 84' lang='lat' dir='ltr'>Et</span> <span class='ocrx_word' id='word_1_69' title='bbox 304 1511 369 1576; x_wconf 88' lang='lat' dir='ltr'>sale</span> <span class='ocrx_word' id='word_1_70' title='bbox 384 1511 525 1574; x_wconf 86' lang='lat' dir='ltr'>tabentes</span> <span class='ocrx_word' id='word_1_71' title='bbox 541 1525 625 1572; x_wconf 87' lang='lat' dir='ltr'>artus</span> <span class='ocrx_word' id='word_1_72' title='bbox 637 1513 668 1572; x_wconf 91' lang='lat' dir='ltr'>in</span> <span class='ocrx_word' id='word_1_73' title='bbox 684 1510 785 1574; x_wconf 89' lang='lat' dir='ltr'>littore</span> <span class='ocrx_word' id='word_1_74' title='bbox 800 1523 928 1596; x_wconf 89' lang='lat' dir='ltr'>ponunt.</span> 
     </span>
     <span class='ocr_line' id='line_1_13' title="bbox 248 1609 1030 1698; baseline -0.003 -20"><span class='ocrx_word' id='word_1_75' title='bbox 248 1616 296 1678; x_wconf 84' lang='lat' dir='ltr'>Ac</span> <span class='ocrx_word' id='word_1_76' title='bbox 311 1609 444 1698; x_wconf 80' lang='lat' dir='ltr'>primbm</span> <span class='ocrx_word' id='word_1_77' title='bbox 459 1610 540 1675; x_wconf 91' lang='lat' dir='ltr'>silici</span> <span class='ocrx_word' id='word_1_78' title='bbox 552 1609 719 1674; x_wconf 87' lang='lat' dir='ltr'>scintillam</span> <span class='ocrx_word' id='word_1_79' title='bbox 734 1611 861 1675; x_wconf 84' lang='lat' dir='ltr'>excudit</span> <span class='ocrx_word' id='word_1_80' title='bbox 877 1610 1030 1692; x_wconf 70' lang='lat' dir='ltr'>AchateS,</span> 
     </span>
     <span class='ocr_line' id='line_1_14' title="bbox 249 1709 1287 1798; baseline -0.007 -19"><span class='ocrx_word' id='word_1_81' title='bbox 249 1716 453 1798; x_wconf 87' lang='lat' dir='ltr'>Suscepitque</span> <span class='ocrx_word' id='word_1_82' title='bbox 469 1715 570 1798; x_wconf 87' lang='lat' dir='ltr'>ignem</span> <span class='ocrx_word' id='word_1_83' title='bbox 585 1709 677 1790; x_wconf 88' lang='lat' dir='ltr'>foliis,</span> <span class='ocrx_word' id='word_1_84' title='bbox 692 1725 784 1796; x_wconf 89' lang='lat' dir='ltr'>atque</span> <span class='ocrx_word' id='word_1_85' title='bbox 800 1711 891 1776; x_wconf 87' lang='lat' dir='ltr'>arida</span> <span class='ocrx_word' id='word_1_86' title='bbox 906 1711 1025 1776; x_wconf 81' lang='lat' dir='ltr'>circirm</span> <span class='ocrx_word' id='word_1_87' title='bbox 1221 1715 1287 1772; x_wconf 87' lang='grc'>175</span> 
     </span>
     <span class='ocr_line' id='line_1_15' title="bbox 249 1813 1082 1900; baseline -0.001 -19"><span class='ocrx_word' id='word_1_88' title='bbox 249 1817 445 1881; x_wconf 87' lang='lat' dir='ltr'>Nutrimenta</span> <span class='ocrx_word' id='word_1_89' title='bbox 459 1813 555 1894; x_wconf 89' lang='lat' dir='ltr'>dedit,</span> <span class='ocrx_word' id='word_1_90' title='bbox 570 1817 735 1900; x_wconf 89' lang='lat' dir='ltr'>rapuitque</span> <span class='ocrx_word' id='word_1_91' title='bbox 749 1818 782 1877; x_wconf 92' lang='lat' dir='ltr'>in</span> <span class='ocrx_word' id='word_1_92' title='bbox 794 1815 898 1878; x_wconf 84' lang='lat' dir='ltr'>fomite</span> <span class='ocrx_word' id='word_1_93' title='bbox 914 1815 1082 1880; x_wconf 85' lang='lat' dir='ltr'>flammam.</span> 
     </span>
     <span class='ocr_line' id='line_1_16' title="bbox 248 1915 1125 2001; baseline -0.001 -19"><span class='ocrx_word' id='word_1_94' title='bbox 248 1919 329 1982; x_wconf 91' lang='lat' dir='ltr'>Tum</span> <span class='ocrx_word' id='word_1_95' title='bbox 344 1918 495 1980; x_wconf 89' lang='lat' dir='ltr'>Cererem</span> <span class='ocrx_word' id='word_1_96' title='bbox 510 1930 689 2001; x_wconf 88' lang='lat' dir='ltr'>corruptam</span> <span class='ocrx_word' id='word_1_97' title='bbox 703 1915 794 1980; x_wconf 92' lang='lat' dir='ltr'>undis</span> <span class='ocrx_word' id='word_1_98' title='bbox 809 1916 1019 2000; x_wconf 76' lang='lat' dir='ltr'>Cerealiaque</span> <span class='ocrx_word' id='word_1_99' title='bbox 1035 1938 1125 1981; x_wconf 83' lang='lat' dir='ltr'>arma</span> 
     </span>
     <span class='ocr_line' id='line_1_17' title="bbox 248 2013 1001 2104; baseline -0.003 -22"><span class='ocrx_word' id='word_1_100' title='bbox 248 2013 429 2104; x_wconf 83' lang='lat' dir='ltr'>Expediunt</span> <span class='ocrx_word' id='word_1_101' title='bbox 443 2017 516 2080; x_wconf 89' lang='lat' dir='ltr'>fessi</span> <span class='ocrx_word' id='word_1_102' title='bbox 532 2037 654 2096; x_wconf 73' lang='lat' dir='ltr'>rerum,</span> <span class='ocrx_word' id='word_1_103' title='bbox 676 2017 842 2102; x_wconf 81' lang='lat' dir='ltr'>frugesque</span> <span class='ocrx_word' id='word_1_104' title='bbox 856 2029 1001 2102; x_wconf 85' lang='lat' dir='ltr'>receptas</span> 
     </span>
     <span class='ocr_line' id='line_1_18' title="bbox 248 2119 1011 2207; baseline -0.004 -20"><span class='ocrx_word' id='word_1_105' title='bbox 248 2122 289 2187; x_wconf 87' lang='lat' dir='ltr'>Et</span> <span class='ocrx_word' id='word_1_106' title='bbox 303 2135 422 2186; x_wconf 87' lang='lat' dir='ltr'>torrere</span> <span class='ocrx_word' id='word_1_107' title='bbox 437 2135 549 2207; x_wconf 86' lang='lat' dir='ltr'>parant</span> <span class='ocrx_word' id='word_1_108' title='bbox 564 2119 705 2200; x_wconf 85' lang='lat' dir='ltr'>flammis,</span> <span class='ocrx_word' id='word_1_109' title='bbox 720 2133 752 2184; x_wconf 90' lang='lat' dir='ltr'>et</span> <span class='ocrx_word' id='word_1_110' title='bbox 766 2123 910 2207; x_wconf 79' lang='lat' dir='ltr'>frangere</span> <span class='ocrx_word' id='word_1_111' title='bbox 922 2142 1011 2184; x_wconf 84' lang='lat' dir='ltr'>saxo.</span> 
     </span>
     <span class='ocr_line' id='line_1_19' title="bbox 290 2222 1291 2310; baseline -0.001 -22"><span class='ocrx_word' id='word_1_112' title='bbox 290 2223 404 2288; x_wconf 82' lang='lat' dir='ltr'>AEneas</span> <span class='ocrx_word' id='word_1_113' title='bbox 419 2222 579 2310; x_wconf 90' lang='lat' dir='ltr'>scopulum</span> <span class='ocrx_word' id='word_1_114' title='bbox 595 2225 714 2287; x_wconf 86' lang='lat' dir='ltr'>interea</span> <span class='ocrx_word' id='word_1_115' title='bbox 729 2222 920 2302; x_wconf 84' lang='lat' dir='ltr'>conscendit,</span> <span class='ocrx_word' id='word_1_116' title='bbox 935 2236 966 2287; x_wconf 90' lang='lat' dir='ltr'>et</span> <span class='ocrx_word' id='word_1_117' title='bbox 980 2243 1103 2288; x_wconf 88' lang='lat' dir='ltr'>omnem</span> <span class='ocrx_word' id='word_1_118' title='bbox 1224 2229 1291 2288; x_wconf 78' lang='lat'>180</span> 
     </span>
    </p>
   </div>
   <div class='ocr_carea' id='block_1_3' title="bbox 247 2324 1062 2518">
    <p class='ocr_par' dir='ltr' id='par_1_3' title="bbox 247 2324 1062 2518">
     <span class='ocr_line' id='line_1_20' title="bbox 249 2324 1062 2413; baseline -0.005 -20"><span class='ocrx_word' id='word_1_119' title='bbox 249 2328 450 2413; x_wconf 87' lang='lat' dir='ltr'>Prospectum</span> <span class='ocrx_word' id='word_1_120' title='bbox 465 2324 528 2390; x_wconf 68' lang='lat' dir='ltr'>late</span> <span class='ocrx_word' id='word_1_121' title='bbox 542 2324 655 2412; x_wconf 85' lang='lat' dir='ltr'>pelago</span> <span class='ocrx_word' id='word_1_122' title='bbox 669 2329 767 2411; x_wconf 78' lang='lat' dir='ltr'>petit3</span> <span class='ocrx_word' id='word_1_123' title='bbox 788 2325 912 2390; x_wconf 85' lang='lat' dir='ltr'>Anthea</span> <span class='ocrx_word' id='word_1_124' title='bbox 927 2329 954 2390; x_wconf 89' lang='grc'>51</span> <span class='ocrx_word' id='word_1_125' title='bbox 969 2347 1062 2410; x_wconf 91' lang='lat' dir='ltr'>quem</span> 
     </span>
     <span class='ocr_line' id='line_1_21' title="bbox 247 2427 1044 2518; baseline -0.005 -22"><span class='ocrx_word' id='word_1_126' title='bbox 247 2433 406 2496; x_wconf 77' lang='lat' dir='ltr'>lactatum</span> <span class='ocrx_word' id='word_1_127' title='bbox 420 2442 513 2495; x_wconf 88' lang='lat' dir='ltr'>vento</span> <span class='ocrx_word' id='word_1_128' title='bbox 529 2427 645 2510; x_wconf 83' lang='lat' dir='ltr'>videat,</span> <span class='ocrx_word' id='word_1_129' title='bbox 661 2429 880 2518; x_wconf 82' lang='lat' dir='ltr'>Phrygiasque</span> <span class='ocrx_word' id='word_1_130' title='bbox 894 2431 1044 2508; x_wconf 87' lang='lat' dir='ltr'>biremes,</span> 
     </span>
    </p>
   </div>
   <div class='ocr_carea' id='block_1_4' title="bbox 240 2530 1289 3750">
    <p class='ocr_par' dir='ltr' id='par_1_4' title="bbox 248 2530 1071 2619">
     <span class='ocr_line' id='line_1_22' title="bbox 248 2530 1071 2619; baseline -0.005 -21"><span class='ocrx_word' id='word_1_131' title='bbox 248 2535 312 2599; x_wconf 83' lang='lat' dir='ltr'>Aut</span> <span class='ocrx_word' id='word_1_132' title='bbox 326 2531 453 2619; x_wconf 85' lang='lat' dir='ltr'>Capyn,</span> <span class='ocrx_word' id='word_1_133' title='bbox 468 2544 521 2596; x_wconf 86' lang='lat' dir='ltr'>aut</span> <span class='ocrx_word' id='word_1_134' title='bbox 535 2530 628 2595; x_wconf 85' lang='lat' dir='ltr'>celsis</span> <span class='ocrx_word' id='word_1_135' title='bbox 643 2534 675 2595; x_wconf 93' lang='lat' dir='ltr'>in</span> <span class='ocrx_word' id='word_1_136' title='bbox 690 2534 848 2618; x_wconf 88' lang='lat' dir='ltr'>puppibus</span> <span class='ocrx_word' id='word_1_137' title='bbox 864 2554 952 2596; x_wconf 88' lang='lat' dir='ltr'>arma</span> <span class='ocrx_word' id='word_1_138' title='bbox 967 2532 1071 2596; x_wconf 85' lang='lat' dir='ltr'>Caici.</span> 
     </span>
    </p>

    <p class='ocr_par' dir='ltr' id='par_1_5' title="bbox 250 2631 1068 2718">
     <span class='ocr_line' id='line_1_23' title="bbox 250 2631 1068 2718; baseline -0.005 -19"><span class='ocrx_word' id='word_1_139' title='bbox 250 2635 371 2699; x_wconf 88' lang='lat' dir='ltr'>Navem</span> <span class='ocrx_word' id='word_1_140' title='bbox 387 2637 418 2698; x_wconf 90' lang='lat' dir='ltr'>in</span> <span class='ocrx_word' id='word_1_141' title='bbox 433 2646 603 2718; x_wconf 88' lang='lat' dir='ltr'>conspectu</span> <span class='ocrx_word' id='word_1_142' title='bbox 617 2631 744 2715; x_wconf 88' lang='lat' dir='ltr'>nullam,</span> <span class='ocrx_word' id='word_1_143' title='bbox 760 2647 822 2698; x_wconf 87' lang='lat' dir='ltr'>tres</span> <span class='ocrx_word' id='word_1_144' title='bbox 838 2633 940 2698; x_wconf 89' lang='lat' dir='ltr'>littore</span> <span class='ocrx_word' id='word_1_145' title='bbox 955 2655 1068 2698; x_wconf 87' lang='lat' dir='ltr'>cervos</span> 
     </span>
    </p>

    <p class='ocr_par' dir='ltr' id='par_1_6' title="bbox 250 2734 1289 2922">
     <span class='ocr_line' id='line_1_24' title="bbox 251 2734 1289 2822; baseline -0.003 -20"><span class='ocrx_word' id='word_1_146' title='bbox 251 2738 406 2822; x_wconf 90' lang='lat' dir='ltr'>Prospicit</span> <span class='ocrx_word' id='word_1_147' title='bbox 420 2748 578 2812; x_wconf 82' lang='lat' dir='ltr'>errantes3</span> <span class='ocrx_word' id='word_1_148' title='bbox 601 2734 656 2796; x_wconf 82' lang='lat' dir='ltr'>hos</span> <span class='ocrx_word' id='word_1_149' title='bbox 673 2748 735 2798; x_wconf 88' lang='lat' dir='ltr'>tota</span> <span class='ocrx_word' id='word_1_150' title='bbox 752 2749 891 2798; x_wconf 87' lang='lat' dir='ltr'>armenta</span> <span class='ocrx_word' id='word_1_151' title='bbox 907 2747 1078 2818; x_wconf 88' lang='lat' dir='ltr'>sequuntur</span> <span class='ocrx_word' id='word_1_152' title='bbox 1224 2740 1289 2799; x_wconf 84' lang='grc'>185</span> 
     </span>
     <span class='ocr_line' id='line_1_25' title="bbox 250 2833 1069 2922; baseline -0.005 -19"><span class='ocrx_word' id='word_1_153' title='bbox 250 2843 279 2904; x_wconf 83' lang='grc' dir='ltr'><strong>Α</strong></span> <span class='ocrx_word' id='word_1_154' title='bbox 294 2851 390 2922; x_wconf 88' lang='lat' dir='ltr'>tergo,</span> <span class='ocrx_word' id='word_1_155' title='bbox 406 2848 435 2898; x_wconf 88' lang='lat' dir='ltr'>et</span> <span class='ocrx_word' id='word_1_156' title='bbox 450 2833 573 2918; x_wconf 87' lang='lat' dir='ltr'>longum</span> <span class='ocrx_word' id='word_1_157' title='bbox 588 2855 646 2917; x_wconf 89' lang='lat' dir='ltr'>per</span> <span class='ocrx_word' id='word_1_158' title='bbox 659 2833 758 2897; x_wconf 85' lang='lat' dir='ltr'>valles</span> <span class='ocrx_word' id='word_1_159' title='bbox 773 2839 912 2918; x_wconf 86' lang='lat' dir='ltr'>pascitur</span> <span class='ocrx_word' id='word_1_160' title='bbox 927 2858 1048 2922; x_wconf 89' lang='lat' dir='ltr'>agmen.</span> <span class='ocrx_word' id='word_1_161' title='bbox 1064 2857 1069 2890; x_wconf 81' lang='lat'><em>¹</em></span> 
     </span>
    </p>

    <p class='ocr_par' dir='ltr' id='par_1_7' title="bbox 250 2937 1106 3138">
     <span class='ocr_line' id='line_1_26' title="bbox 250 2937 1106 3026; baseline 0.001 -22"><span class='ocrx_word' id='word_1_162' title='bbox 250 2941 397 3004; x_wconf 87' lang='lat' dir='ltr'>Constitit</span> <span class='ocrx_word' id='word_1_163' title='bbox 411 2937 474 3015; x_wconf 91' lang='lat' dir='ltr'>hic,</span> <span class='ocrx_word' id='word_1_164' title='bbox 489 2955 658 3019; x_wconf 87' lang='lat' dir='ltr'>arcumque</span> <span class='ocrx_word' id='word_1_165' title='bbox 673 2957 766 3000; x_wconf 90' lang='lat' dir='ltr'>manu</span> <span class='ocrx_word' id='word_1_166' title='bbox 781 2937 963 3024; x_wconf 88' lang='lat' dir='ltr'>celeresque</span> <span class='ocrx_word' id='word_1_167' title='bbox 978 2943 1106 3026; x_wconf 86' lang='lat' dir='ltr'>sagittas</span> 
     </span>
     <span class='ocr_line' id='line_1_27' title="bbox 251 3036 1022 3143; baseline -0.001 -37"><span class='ocrx_word' id='word_1_168' title='bbox 251 3043 422 3125; x_wconf 91' lang='lat' dir='ltr'>Corripuit,</span> <span class='ocrx_word' id='word_1_169' title='bbox 437 3037 516 3100; x_wconf 88' lang='lat' dir='ltr'>fidus</span> <span class='ocrx_word' id='word_1_170' title='bbox 531 3057 598 3121; x_wconf 85' lang='lat' dir='ltr'>quae</span> <span class='ocrx_word' id='word_1_171' title='bbox 613 3036 676 3102; x_wconf 88' lang='lat' dir='ltr'>tela</span> <span class='ocrx_word' id='word_1_172' title='bbox 691 3039 821 3124; x_wconf 86' lang='lat' dir='ltr'>gerebat</span> <span class='ocrx_word' id='word_1_173' title='bbox 837 3040 993 3120; x_wconf 83' lang='lat' dir='ltr'>Achates3</span> <span class='ocrx_word' id='word_1_174' title='bbox 1008 3055 1022 3143; x_wconf 65' lang='lat' dir='ltr'>g</span> 
     </span>
    </p>

    <p class='ocr_par' dir='ltr' id='par_1_8' title="bbox 250 3130 1074 3228">
     <span class='ocr_line' id='line_1_28' title="bbox 250 3130 1074 3228; baseline 0.002 -22"><span class='ocrx_word' id='word_1_175' title='bbox 250 3143 491 3226; x_wconf 87' lang='lat' dir='ltr'>Ductoresque&#39;</span> <span class='ocrx_word' id='word_1_176' title='bbox 483 3161 567 3224; x_wconf 82' lang='lat' dir='ltr'>ipsos</span> <span class='ocrx_word' id='word_1_177' title='bbox 582 3138 726 3226; x_wconf 84' lang='lat' dir='ltr'>primirm,</span> <span class='ocrx_word' id='word_1_178' title='bbox 741 3146 846 3228; x_wconf 86' lang='lat' dir='ltr'>capita</span> <span class='ocrx_word' id='word_1_179' title='bbox 861 3143 924 3208; x_wconf 88' lang='lat' dir='ltr'>alta</span> <span class='ocrx_word' id='word_1_180' title='bbox 939 3130 1074 3208; x_wconf 87' lang='lat' dir='ltr'>ferehtes</span> 
     </span>
    </p>

    <p class='ocr_par' dir='ltr' id='par_1_9' title="bbox 251 3249 1288 3438">
     <span class='ocr_line' id='line_1_29' title="bbox 251 3249 1288 3338; baseline 0.004 -22"><span class='ocrx_word' id='word_1_181' title='bbox 251 3249 409 3317; x_wconf 85' lang='lat' dir='ltr'>Cornibus</span> <span class='ocrx_word' id='word_1_182' title='bbox 424 3249 576 3328; x_wconf 86' lang='lat' dir='ltr'>arboreis,</span> <span class='ocrx_word' id='word_1_183' title='bbox 591 3252 717 3328; x_wconf 88' lang='lat' dir='ltr'>sternit,</span> <span class='ocrx_word' id='word_1_184' title='bbox 739 3264 802 3314; x_wconf 92' lang='lat' dir='ltr'>tum</span> <span class='ocrx_word' id='word_1_185' title='bbox 816 3251 925 3338; x_wconf 87' lang='lat' dir='ltr'>vulgus</span> <span class='ocrx_word' id='word_1_186' title='bbox 940 3265 970 3316; x_wconf 91' lang='lat' dir='ltr'>et</span> <span class='ocrx_word' id='word_1_187' title='bbox 985 3275 1112 3319; x_wconf 88' lang='lat' dir='ltr'>omnem</span> <span class='ocrx_word' id='word_1_188' title='bbox 1222 3261 1288 3320; x_wconf 86' lang='grc'>190</span> 
     </span>
     <span class='ocr_line' id='line_1_30' title="bbox 253 3350 1116 3438; baseline 0 -18"><span class='ocrx_word' id='word_1_189' title='bbox 253 3355 366 3420; x_wconf 88' lang='lat' dir='ltr'>Miscet</span> <span class='ocrx_word' id='word_1_190' title='bbox 381 3373 476 3438; x_wconf 88' lang='lat' dir='ltr'>agens</span> <span class='ocrx_word' id='word_1_191' title='bbox 491 3350 560 3415; x_wconf 90' lang='lat' dir='ltr'>telis</span> <span class='ocrx_word' id='word_1_192' title='bbox 574 3372 702 3416; x_wconf 88' lang='lat' dir='ltr'>nemora</span> <span class='ocrx_word' id='word_1_193' title='bbox 717 3355 797 3416; x_wconf 89' lang='lat' dir='ltr'>inter</span> <span class='ocrx_word' id='word_1_194' title='bbox 812 3353 943 3418; x_wconf 87' lang='lat' dir='ltr'>frondea</span> <span class='ocrx_word' id='word_1_195' title='bbox 954 3355 1089 3420; x_wconf 87' lang='lat' dir='ltr'>turbam.</span> <span class='ocrx_word' id='word_1_196' title='bbox 1109 3369 1116 3431; x_wconf 81' lang='grc'>1</span> 
     </span>
    </p>

    <p class='ocr_par' dir='ltr' id='par_1_10' title="bbox 253 3452 1074 3544">
     <span class='ocr_line' id='line_1_31' title="bbox 253 3452 1074 3544; baseline 0.001 -23"><span class='ocrx_word' id='word_1_197' title='bbox 253 3456 320 3521; x_wconf 90' lang='lat' dir='ltr'>Nec</span> <span class='ocrx_word' id='word_1_198' title='bbox 336 3452 423 3540; x_wconf 76' lang='lat' dir='ltr'>priris</span> <span class='ocrx_word' id='word_1_199' title='bbox 438 3455 570 3533; x_wconf 89' lang='lat' dir='ltr'>absistit,</span> <span class='ocrx_word' id='word_1_200' title='bbox 584 3475 677 3539; x_wconf 90' lang='lat' dir='ltr'>quam</span> <span class='ocrx_word' id='word_1_201' title='bbox 692 3469 810 3541; x_wconf 90' lang='lat' dir='ltr'>septem</span> <span class='ocrx_word' id='word_1_202' title='bbox 824 3461 961 3544; x_wconf 87' lang='lat' dir='ltr'>ingentia</span> <span class='ocrx_word' id='word_1_203' title='bbox 972 3462 1074 3524; x_wconf 86' lang='lat' dir='ltr'>victor</span> 
     </span>
    </p>

    <p class='ocr_par' dir='ltr' id='par_1_11' title="bbox 240 3559 1212 3750">
     <span class='ocr_line' id='line_1_32' title="bbox 253 3559 1212 3664; baseline 0.009 -40"><span class='ocrx_word' id='word_1_204' title='bbox 253 3561 398 3646; x_wconf 88' lang='lat' dir='ltr'>Corpora</span> <span class='ocrx_word' id='word_1_205' title='bbox 413 3559 522 3626; x_wconf 89' lang='lat' dir='ltr'>fundat</span> <span class='ocrx_word' id='word_1_206' title='bbox 536 3559 631 3642; x_wconf 92' lang='lat' dir='ltr'>humi,</span> <span class='ocrx_word' id='word_1_207' title='bbox 647 3574 677 3626; x_wconf 88' lang='lat' dir='ltr'>et</span> <span class='ocrx_word' id='word_1_208' title='bbox 691 3584 852 3632; x_wconf 89' lang='lat' dir='ltr'>numerum</span> <span class='ocrx_word' id='word_1_209' title='bbox 867 3587 938 3632; x_wconf 90' lang='lat' dir='ltr'>cum</span> <span class='ocrx_word' id='word_1_210' title='bbox 954 3569 1086 3634; x_wconf 89' lang='lat' dir='ltr'>navibus</span> <span class='ocrx_word' id='word_1_211' title='bbox 1101 3582 1212 3664; x_wconf 65' lang='lat' dir='ltr'>aequet</span> 
     </span>
     <span class='ocr_line' id='line_1_33' title="bbox 240 3664 1212 3750; baseline 0.007 -21"><span class='ocrx_word' id='word_1_212' title='bbox 240 3664 340 3729; x_wconf 88' lang='lat' dir='ltr'>-Hinc</span> <span class='ocrx_word' id='word_1_213' title='bbox 355 3675 477 3747; x_wconf 88' lang='lat' dir='ltr'>portum</span> <span class='ocrx_word' id='word_1_214' title='bbox 492 3667 576 3749; x_wconf 89' lang='lat' dir='ltr'>petit,</span> <span class='ocrx_word' id='word_1_215' title='bbox 592 3677 622 3727; x_wconf 87' lang='lat' dir='ltr'>et</span> <span class='ocrx_word' id='word_1_216' title='bbox 637 3668 738 3730; x_wconf 90' lang='lat' dir='ltr'>socios</span> <span class='ocrx_word' id='word_1_217' title='bbox 753 3671 885 3750; x_wconf 88' lang='lat' dir='ltr'>partitur</span> <span class='ocrx_word' id='word_1_218' title='bbox 900 3672 931 3733; x_wconf 94' lang='lat' dir='ltr'>in</span> <span class='ocrx_word' id='word_1_219' title='bbox 946 3692 1065 3734; x_wconf 87' lang='lat' dir='ltr'>omnes.</span> <span class='ocrx_word' id='word_1_220' title='bbox 1191 3665 1212 3688; x_wconf 76' lang='lat'>&#39;⁴</span> 
     </span>
    </p>
   </div>
   <div class='ocr_carea' id='block_1_5' title="bbox 249 3765 1283 4062">
    <p class='ocr_par' dir='ltr' id='par_1_12' title="bbox 252 3765 1283 4062">
     <span class='ocr_line' id='line_1_34' title="bbox 252 3765 1283 3852; baseline 0.005 -20"><span class='ocrx_word' id='word_1_221' title='bbox 252 3766 350 3846; x_wconf 83' lang='lat' dir='ltr'>Vina,</span> <span class='ocrx_word' id='word_1_222' title='bbox 363 3765 463 3830; x_wconf 88' lang='lat' dir='ltr'>bonus</span> <span class='ocrx_word' id='word_1_223' title='bbox 478 3789 547 3852; x_wconf 82' lang='lat' dir='ltr'>quae</span> <span class='ocrx_word' id='word_1_224' title='bbox 563 3765 676 3832; x_wconf 90' lang='lat' dir='ltr'>deinde</span> <span class='ocrx_word' id='word_1_225' title='bbox 692 3769 780 3834; x_wconf 89' lang='lat' dir='ltr'>cadis</span> <span class='ocrx_word' id='word_1_226' title='bbox 795 3772 941 3838; x_wconf 87' lang='lat' dir='ltr'>onerarat</span> <span class='ocrx_word' id='word_1_227' title='bbox 955 3778 1085 3840; x_wconf 87' lang='lat' dir='ltr'>Acestes</span> <span class='ocrx_word' id='word_1_228' title='bbox 1224 3781 1283 3838; x_wconf 81' lang='grc'>195</span> 
     </span>
     <span class='ocr_line' id='line_1_35' title="bbox 252 3869 1092 3958; baseline 0.011 -25"><span class='ocrx_word' id='word_1_229' title='bbox 252 3869 373 3934; x_wconf 90' lang='lat' dir='ltr'>Littore</span> <span class='ocrx_word' id='word_1_230' title='bbox 389 3869 565 3950; x_wconf 85' lang='lat' dir='ltr'>Trinacrio,</span> <span class='ocrx_word' id='word_1_231' title='bbox 580 3870 773 3958; x_wconf 86' lang='lat' dir='ltr'>dederatque</span> <span class='ocrx_word' id='word_1_232' title='bbox 788 3875 974 3942; x_wconf 86' lang='lat' dir='ltr'>abeuntibus</span> <span class='ocrx_word' id='word_1_233' title='bbox 990 3878 1092 3958; x_wconf 88' lang='lat' dir='ltr'>heros,</span> 
     </span>
     <span class='ocr_line' id='line_1_36' title="bbox 249 3965 1004 4062; baseline 0.007 -25.027"><span class='ocrx_word' id='word_1_234' title='bbox 249 3965 388 4051; x_wconf 85' lang='lat' dir='ltr'>Dividit,</span> <span class='ocrx_word' id='word_1_235' title='bbox 402 3983 433 4036; x_wconf 89' lang='lat' dir='ltr'>et</span> <span class='ocrx_word' id='word_1_236' title='bbox 447 3970 540 4037; x_wconf 90' lang='lat' dir='ltr'>dictis</span> <span class='ocrx_word' id='word_1_237' title='bbox 555 3978 718 4040; x_wconf 78' lang='lat' dir='ltr'>moerentia</span> <span class='ocrx_word' id='word_1_238' title='bbox 732 3991 862 4062; x_wconf 88' lang='lat' dir='ltr'>pectora</span> <span class='ocrx_word' id='word_1_239' title='bbox 873 3980 1004 4044; x_wconf 88' lang='lat' dir='ltr'>mulcet:</span> 
     </span>
    </p>
   </div>
   <div class='ocr_carea' id='block_1_6' title="bbox 0 0 1460 5002">
    <p class='ocr_par' dir='ltr' id='par_1_13' title="bbox 0 0 1460 5002">
     <span class='ocr_line' id='line_1_37' title="bbox 0 0 1460 5002; baseline 0 0"><span class='ocrx_word' id='word_1_240' title='bbox 0 0 1460 5002; x_wconf 95' lang='lat' dir='ltr'> </span> 
     </span>
    </p>
   </div>
  </div>
 </body>
</html>
