2792 4998
233 427 293 500 'aua
346 445 349 455 ·
670 435 860 499 unumne

276 594 455 680 Vestigavit
469 613 555 680 apes,
569 587 716 679 fumoque
731 594 874 680 implevit
888 613 1017 675 amaro;

276 695 342 761 lllae
357 699 439 762 intus
453 695 583 782 trepide
598 717 703 762 rerum
718 718 776 781 per
789 718 885 764 cerea
899 709 1004 762 castra

274 800 474 882 Discurrunt,
487 800 669 887 magnisque
684 814 799 868 acuunt
813 800 998 883 stridoribus
1012 803 1093 866 iras:
1242 809 1286 868 590

276 901 424 968 Volvitur
439 915 507 966 ater
521 900 600 966 odor
616 901 714 980 tectis,
729 915 793 966 tum
808 923 966 968 murmure
981 921 1067 966 caeco

276 1005 361 1070 Intus
376 1026 454 1070 sexa
468 1018 598 1084 sonant3
621 1024 738 1069 vacuas
752 1003 774 1066 it
788 1004 889 1068 sumus
905 1003 947 1070 ad
962 1025 1066 1070 auras.

319 1107 445 1172 Accidit
460 1107 528 1172 haec
543 1105 633 1170 sessis
648 1105 742 1170 etiam
756 1105 881 1172 fortuna
896 1107 1027 1186 Latinis,

276 1209 355 1292 Quae
371 1221 466 1273 totam
481 1207 566 1272 luctu
580 1207 736 1272 concussit
751 1206 887 1271 funditus
904 1207 1026 1272 urbem.

276 1311 399 1398 Regina
414 1321 446 1374 ut
461 1309 550 1374 tectis
565 1308 741 1374 venientem
754 1307 906 1394 prospicit
920 1309 1051 1390 hostem,
1240 1315 1286 1374 tut

277 1417 394 1481 incessi
409 1435 523 1494 muros,
538 1416 625 1500 ignes
640 1412 682 1478 ad
698 1425 779 1478 tecta
794 1412 923 1494 volare3

275 1517 438 1601 Nusquam
451 1516 535 1582 ecies
549 1515 658 1580 contri
674 1513 816 1596 Rutulas,
831 1513 917 1582 nulla
931 1516 1057 1602 agmine
1070 1515 1185 1581 Turni:

275 1621 387 1685 Infelix
401 1641 511 1706 pugnae
522 1620 671 1706 juvenem
685 1623 718 1684 in
731 1619 903 1686 certamine
916 1619 1018 1686 credit

274 1724 490 1802 Exstinctum3
512 1735 553 1802 et,
567 1723 670 1786 subito
684 1735 819 1788 mentem
834 1723 959 1789 turbata
972 1721 1093 1805 dolore,

275 1825 317 1890 Se
331 1844 458 1889 causam
473 1822 589 1886 clamat
603 1823 783 1908 crimenque
798 1835 955 1908 caputque
969 1823 1140 1906 malorum,
1240 1825 1288 1886 000

275 1928 437 2012 Multaque
452 1948 509 2014 per
523 1938 666 1992 mcestum
681 1926 810 1992 demens
826 1926 920 1994 effata
934 1929 1081 2010 furorem,

275 2032 452 2117 Purpureos
466 2032 617 2094 moritura
631 2051 724 2094 manu
738 2029 884 2096 discindit
898 2032 1039 2112 amictus,

112 2195 116 2206 .
176 2217 180 2222 Ι
274 2137 316 2202 Et
330 2136 444 2202 nodum
458 2134 597 2199 informis
612 2134 667 2200 leti
681 2136 772 2200 trabe
786 2135 882 2202 nectit
897 2136 939 2202 ab
954 2136 1028 2203 nltti.

273 2240 376 2321 Quam
391 2235 514 2304 cladem
531 2239 651 2302 miserae
666 2249 832 2322 postquam
847 2237 1002 2323 accepire
1016 2237 1150 2319 Latine

274 2343 355 2408 Filia
370 2342 471 2429 prima
485 2363 578 2406 manu
594 2340 691 2406 flavos
706 2340 841 2406 Lavinia
855 2341 958 2408 crines
1243 2344 1293 2404 snt

273 2448 435 2513 Etruscas
450 2443 568 2510 laniata
582 2464 679 2530 genas
694 2467 704 2523 ς
726 2455 790 2508 tum
804 2457 922 2514 caetera
935 2443 1055 2510 circium

273 2550 383 2615 Turba
399 2549 490 2613 furit:
512 2557 660 2612 resonant
674 2542 737 2608 late
751 2543 956 2631 plangoribus
970 2545 1066 2612 aedes.

273 2655 361 2720 Hinc
377 2665 472 2716 totam
487 2649 596 2716 infelix
611 2646 754 2736 vulgatur
768 2648 852 2714 lama
866 2671 924 2734 per
938 2648 1059 2714 urbem.

272 2759 449 2824 Demittunt
461 2767 597 2820 mentes:
620 2755 645 2816 it
658 2749 756 2816 scissi
771 2764 857 2816 veste
872 2752 1013 2832 Latinus,

273 2859 423 2948 Conjugis
438 2860 584 2924 attonitus
599 2857 671 2920 satis
687 2855 834 2940 urbisque
849 2855 950 2936 ruina,

273 2963 431 3027 Canitiem
444 2955 604 3023 immundo
618 2957 777 3042 perfusam
791 2956 920 3042 pulvere
936 2971 1084 3044 turpans;

262 3061 452 3148 ¹[Multaque
468 3081 501 3124 se
515 3061 638 3124 incusat
653 3062 707 3144 qui
723 3081 784 3124 nun
799 3062 960 3144 acceperit
974 3061 1046 3126 ante

271 3164 467 3231 Dardanium
484 3160 614 3242 AEncan,
628 3181 840 3247 generumque
855 3160 1025 3226 adsciverit
1039 3163 1146 3250 ultro]

317 3273 440 3336 Interea
455 3280 595 3334 extremo
609 3266 745 3332 bellator
759 3271 791 3332 in
806 3289 933 3353 aequure
949 3269 1073 3336 Turnus

274 3374 420 3441 Palantcs
434 3375 575 3457 sequitur
588 3392 716 3457 paucos,
725 3373 793 3458 jam
808 3373 942 3458 segnior,
957 3387 1051 3459 atque
1249 3377 1303 3436 stt

272 3479 344 3544 Jam
360 3472 459 3540 minus
475 3487 568 3560 atque
584 3471 683 3539 minuis
698 3495 844 3540 successu
859 3475 947 3542 laetus
962 3499 1123 3562 equorum.

271 3579 380 3648 Attulit
395 3578 477 3643 bunc
492 3577 538 3642 illi
553 3578 646 3642 caecis
661 3579 832 3645 terroribus
846 3601 923 3646 nura

271 3683 482 3752 Commixtnm
497 3680 677 3762 clamorem,
691 3697 892 3768 arrectasque
903 3685 1024 3771 impulit
1038 3709 1128 3754 aures

272 3787 418 3853 Consnsae
433 3805 526 3848 sonus
540 3783 638 3864 urbis,
653 3797 683 3848 ct
698 3783 856 3852 illaetabile
871 3809 1021 3854 murmur.

271 3891 338 3958 Hei
351 3888 446 3953 mihi!
470 3886 546 3972 quid
561 3899 646 3952 tanto
662 3889 825 3954 turbantur
839 3891 954 3956 moenia
969 3892 1074 3960 luctui
1255 3892 1313 3953 600

271 3992 388 4076 Quisve
403 3991 465 4053 ruit
478 3983 581 4054 tantus
596 3986 722 4054 diversi
732 3990 852 4056 clamor
865 3992 907 4056 ab
922 3993 1022 4058 urbel

271 4097 325 4161 Sic
339 4095 391 4175 ait,
406 4091 611 4178 adductisque
626 4113 732 4158 amens
747 4093 887 4160 subsistit
900 4094 1043 4162 habenis.
