2772 4998
527 477 642 542 ttnntt
662 481 711 545 xt.

118 633 289 702 Ducentem
303 638 335 700 iu
349 632 476 700 Latium
498 635 639 700 Teucros
654 633 808 701 cecidisse
819 635 953 724 juvabit.

118 742 197 825 Quin
211 763 269 828 ego
283 763 345 806 non
360 740 422 806 alio
433 740 548 828 ‘digner
562 754 592 806 te
607 741 724 822 funere,
741 740 838 822 Palla,

118 845 214 928 Quam
228 849 299 931 pius
314 845 439 926 AEneas,
453 858 485 910 et
499 845 592 931 quim
606 847 710 932 magni
725 845 878 933 Phryges,
893 860 924 911 et
939 844 1031 932 quam
1088 851 1149 908 170

117 949 335 1035 Tyrrhenique
349 948 458 1032 duces,
472 949 676 1037 Tyrrhenum
691 953 848 1014 exercitus
862 956 962 1016 omnis
978 971 987 1012 t

118 1049 229 1136 Magna
245 1064 363 1137 tropaea
378 1053 490 1131 lerunt,
505 1073 582 1136 quos
595 1052 650 1116 dat
664 1065 718 1116 tua
732 1051 866 1118 dextera
880 1051 954 1116 leto.

117 1153 161 1217 Tu
174 1175 300 1240 quoque
314 1177 395 1220 nunc
410 1169 510 1220 stares
525 1159 669 1221 immanis
688 1161 815 1220 truncus'
830 1159 981 1236 inarmis,

117 1255 202 1322 Esset
215 1279 275 1344 par
289 1273 376 1339 aetas,
391 1273 421 1323 et
436 1259 519 1324 idem
533 1263 559 1323 si
575 1259 671 1324 robur
686 1259 728 1323 ab
743 1259 842 1339 annis,

115 1357 228 1424 Turne.
273 1359 338 1426 Sed
352 1361 462 1426 infelix
476 1361 618 1426 Teucros
633 1361 708 1446 quid
723 1361 870 1425 demoror
884 1361 1001 1426 armis?
1090 1365 1149 1423 175

115 1461 238 1544 Vadite,
253 1477 285 1528 et
299 1463 367 1530 haec
382 1486 536 1530 memores
550 1467 617 1551 regi
632 1463 779 1528 mandata
794 1464 927 1528 referte:

113 1563 199 1646 Quod
215 1567 312 1631 vitam
327 1587 431 1632 moror
445 1568 587 1646 invisam,
603 1566 742 1632 Pallante
757 1579 929 1652 perempto,

114 1667 252 1738 Dextera
266 1695 363 1738 eausa
378 1687 431 1738 tua
446 1688 503 1755 est,
517 1673 658 1746 ffuruum
672 1687 829 1759 gnatoque
844 1675 990 1759 patrique

112 1772 207 1854 Quam
221 1772 343 1840 debere
357 1775 482 1896 vides·
488 1777 605 1839 meritis
620 1789 714 1840 vacat
729 1775 781 1839 bic
797 1775 853 1839 tibi
868 1775 951 1840 solus

111 1871 313 1962 Fortunaque
328 1876 425 1942 locus.
445 1836 619 1943 llon
556 1881 625 1942 vitae
640 1876 754 1964 gaudia
770 1898 885 1962 quaero,
1077 1885 1143 1942 ,tao

110 1973 173 2041 Nec
187 1979 256 2059 fas,
277 1977 334 2044 sed
348 1993 441 2078 gnato
456 2001 563 2044 munes
577 1981 719 2064 perferre
734 1979 817 2048 sub
807 2001 927 2044 tmos.

146 2082 295 2146 Aurora
286 2093 407 2146 interea
421 2081 541 2146 miseris
555 2079 737 2146 mortalibus
753 2081 867 2146 almam

107 2179 271 2250 Extulerat
285 2183 397 2265 lucem,
411 2185 551 2248 reserens
565 2203 663 2270 opera
678 2197 772 2270 atque
787 2184 923 2250 labores.

105 2284 174 2350 tam
187 2301 282 2372 pater
297 2285 422 2366 AEneas,
432 2287 499 2372 jam
513 2307 610 2351 curvo
625 2290 656 2350 in
666 2286 784 2384 littore
788 2286 918 2351 Tarcho

104 2387 303 2454 consumere
317 2409 436 2476 pyras3
458 2388 519 2452 huc
533 2409 668 2472 corpora
683 2391 815 2472 quisque
830 2409 955 2453 suorum
1080 2393 1139 2452 185

103 2488 190 2556 More
205 2490 310 2574 toliere
323 2503 467 2575 patrum3
489 2490 702 2575 subjectisque
716 2489 839 2573 ignibus
854 2489 930 2554 atris

103 2591 256 2658 Conditor
271 2596 304 2657 in
320 2591 467 2656 tenebras
482 2591 578 2656 altum
592 2590 726 2676 caligine
740 2590 866 2655 coelum.

98 2695 162 2761 Ter
174 2701 303 2762 circum
317 2715 477 2772 accensos,
491 2693 587 2758 cincti
601 2691 789 2779 fulgentibus
804 2694 908 2774 armis,

99 2793 284 2863 Decurrere
297 2817 390 2882 rogos
404 2821 413 2875 3
434 2809 482 2860 ter
496 2808 639 2860 moestum
653 2795 770 2860 funeris
784 2796 887 2882 ignem

97 2899 293 2966 bustu-avere
307 2900 339 2964 in
355 2897 453 2982 equis,
466 2896 662 2982 ululatusque
677 2919 732 2962 ore
747 2897 877 2963 dedere.
1081 2905 1142 2966 tao

96 3005 260 3094 Spargitur
277 3016 309 3068 et
322 3001 413 3067 tellus
428 3001 589 3088 lacrymis,
604 3015 789 3088 sparguntur
803 3016 834 3066 et
849 3023 955 3068 arma:

94 3107 120 3171 lt
132 3106 216 3172 coelo
230 3107 421 3188 clamorque
433 3103 544 3184 virum
558 3101 748 3189 clangorque
763 3104 918 3170 tubarum.

93 3209 178 3277 Hinc
193 3211 254 3278 alii
269 3207 373 3296 spolia
386 3207 499 3272 occisis
514 3206 645 3293 derepta
660 3207 780 3286 Latiqis

63 3388 65 3401 Ι
92 3312 300 3402 CouJiciunt'
290 3311 364 3399 ugni,
378 3309 494 3397 galeas,
508 3331 661 3396 ensesque
675 3309 818 3390 decoros,

89 3412 280 3503 Ficanaque,
295 3415 514 3498 ferventesque
529 3426 630 3476 rotas·
621 3433 737 3516 „pars
740 3431 869 3476 munera
883 3425 967 3492 nota,
1076 3419 1134 3486 195

90 3515 232 3601 ipsorum
248 3518 397 3602 clypeos,
411 3529 443 3580 et
456 3537 517 3580 non
532 3514 638 3580 felicia
654 3491 737 3582 tela·

86 3615 186 3686 Multa
202 3621 308 3686 mum
323 3617 409 3683 circa
423 3629 598 3683 mactantur
611 3639 744 3704 corpora
758 3617 867 3697 morti,

86 3720 317 3809 Setigerosque
332 3743 413 3802 sues,
427 3735 595 3808 raptasque
611 3743 652 3787 ex
666 3721 810 3788 omnibus
824 3720 906 3807 agris

85 3821 117 3888 ln
132 3825 305 3891 flammam
315 3824 459 3910 jugulant
473 3823 630 3912 pecudes:
654 3837 718 3888 tum
733 3823 835 3888 littore
851 3835 915 3888 toto

83 3926 245 3993 Ardentes
261 3939 411 4014 spectant
425 3931 538 4009 socius,
551 3927 760 4012 semiustaque
775 3940 902 4006 servant
1070 3929 1148 4010 ,900-

70 4027 177 4119 ,Busta
185 4049 338 4114 sueque
352 4028 447 4094 avelli
462 4043 600 4116 possunt,
614 4051 677 4095 nox
692 4029 821 4096 humida
836 4029 935 4096 donec

82 4129 212 4199 lurertit
227 4129 355 4198 coelum
368 4131 465 4197 stellis
479 4131 669 4219 fulgentibus
684 4143 800 4216 aptum.

476 4241 520 4299 tt
