2928 5002
174 471 214 530 se.
322 559 325 562 Ι
569 465 857 530 unonoroonun

217 616 261 684 Et
276 619 327 706 qui
343 621 496 705 proscisso
512 639 588 712 quq
595 620 722 686 suscitat
737 637 860 706 equore
875 631 964 704 terga

217 725 339 791 Rursus
353 727 382 789 in
398 722 555 811 obliquum
570 745 661 792 verso
676 727 846 811 perrumpit
860 739 972 804 aratro,

216 827 416 916 Exercetque
433 829 577 915 frequens
592 831 744 908 tellurem,
760 844 852 914 atque
868 831 998 914 imperat
1013 831 1136 921 amoq
1304 917 1307 924 ⁴

259 933 398 1000 Humida
414 935 538 1000 solstitia
553 949 645 1021 utque
662 936 780 1028 hiemes
795 949 881 999 orato
897 953 1034 1015 serenus,
1186 941 1249 1002 100

215 1042 390 1128 Agricoie3
413 1042 542 1107 hiberno
555 1042 709 1107 letissima
724 1043 851 1126 pulvere
868 1037 960 1119 farra,

214 1145 319 1212 Lutus
335 1168 429 1232 agera
451 1148 533 1212 nuilo
545 1147 662 1212 tantum
676 1167 711 1210 ss
726 1147 830 1231 Mysia
845 1147 930 1211 uultu

213 1252 326 1330 Juctut,
342 1255 450 1337 etipsa
467 1273 537 1316 suas
552 1252 698 1315 mirantur
715 1249 855 1334 Gargara
870 1269 1000 1316 messes.

258 1356 344 1434 Quid
361 1359 473 1434 dicam,
486 1356 572 1441 jacto
588 1354 640 1440 qui
656 1354 773 1418 semine
789 1355 962 1418 comminus
977 1375 1050 1419 arva

213 1463 396 1548 Insequitur,
411 1462 612 1545 cumulosque
628 1459 687 1524 ruit
701 1458 781 1524 maie
797 1458 917 1545 pinguis
929 1481 1050 1541 urenu;
1186 1468 1247 1530 105

212 1567 339 1633 Deinde
351 1568 423 1632 satis
439 1567 565 1630 fluvium
581 1565 699 1630 inducit
713 1565 855 1650 rivosque
872 1579 1061 1652 sequentes3

213 1672 267 1750 Et,
284 1691 377 1757 quum
393 1685 520 1736 exustus
535 1692 608 1755 ager
624 1669 821 1735 morientibus
837 1683 943 1738 estuat
956 1673 1071 1752 herbis,

214 1776 303 1842 Ecce
319 1777 481 1862 supercilio
496 1777 601 1842 clivosi
617 1776 744 1840 tramitis
758 1776 873 1842 undam

214 1882 335 1948 Elicit?
359 1885 409 1946 illa
425 1884 541 1947 cadens
556 1903 685 1947 raucum
700 1903 757 1967 per
772 1883 853 1947 levis
868 1903 1006 1948 murtuur

213 1989 298 2054 Saxa
314 1990 385 2067 ciet,
401 1989 609 2073 scatebrisque
626 1990 741 2052 urentia
756 2001 907 2074 temperat
919 2011 1003 2056 arva.
1185 1997 1246 2058 110

179 2129 182 2153 t
212 2093 309 2173 Quid,
326 2095 388 2179 qui,
404 2117 442 2160 ne
458 2095 590 2177 gravidis
604 2094 787 2177 procumbat
802 2094 923 2159 culmus
938 2097 1045 2174 aristis,

210 2198 382 2264 Luxuriam
399 2211 537 2282 segetum
549 2195 857 2305 tenarddepasoitin
874 2197 981 2278 herbis,

212 2303 320 2378 Quum
336 2302 467 2386 primitur
483 2301 584 2366 sulcos
600 2317 720 2386 aequant
734 2303 828 2368 suta?
852 2304 965 2388 quique
982 2304 1101 2388 paludis

211 2407 387 2474 Collectum
403 2409 564 2472 humorem
580 2405 683 2472 bibulis
698 2409 825 2473 deducit
841 2406 945 2486 arenis,

211 2513 387 2584 Praesertim
402 2517 526 2578 incertis
540 2513 566 2578 si
582 2513 740 2580 mensibus
756 2515 853 2579 amuis
869 2514 1029 2580 abundans
1185 2519 1246 2582 115

212 2620 299 2699 Exit,
315 2636 347 2685 et
361 2622 496 2686 obducto
513 2619 572 2684 lare
589 2634 675 2684 tenet
689 2622 793 2686 omnia
808 2621 892 2699 iimo,

211 2725 306 2794 Unde
322 2747 403 2791 euve
419 2724 526 2810 tepido
542 2725 653 2808 sudqnt
667 2724 798 2789 humore
814 2724 958 2792 lacunae?

256 2831 327 2895 Nec
338 2844 453 2906 tamen,
465 2823 532 2892 hec
543 2849 638 2911 quum
650 2829 709 2892 sint
719 2829 939 2912 hominumque
954 2827 1110 2914 boumque
1126 2831 1245 2898 laborer

210 2931 373 2999 Versando
387 2947 501 2996 terram
513 2931 645 3014 experti,
657 2929 732 2994 nihil
744 2932 900 3014 improbus
915 2953 1017 3012 auser,

212 3035 457 3124 Strymoniaque
473 3055 575 3118 grues,
592 3047 624 3099 st
639 3034 750 3100 ameris
761 3036 867 3101 intuba
881 3038 977 3116 tibris,
1183 3045 1245 3108 1110

212 3144 370 3218 Officiunt,
383 3154 436 3206 aut
447 3139 555 3204 umbra
570 3151 673 3206 uocet.
719 3140 814 3206 Peter
830 3144 895 3228 ipse
910 3143 1032 3210 colendi

212 3249 307 3316 Haud
324 3246 446 3310 facilem
462 3265 531 3308 esse
547 3246 627 3310 viam
644 3244 758 3326 soluit3
781 3249 956 3335 primusque
974 3269 1030 3336 per
1046 3265 1143 3318 artem

212 3356 311 3422 Movit
325 3374 424 3438 agros,
440 3352 522 3416 curis
533 3372 649 3416 acuens
663 3351 802 3420 mortalia
817 3358 937 3437 corda3

212 3461 285 3528 Nec
299 3474 422 3546 torpere
438 3458 521 3542 gravi
537 3477 645 3542 passus
660 3478 716 3522 sus
731 3479 826 3544 regnu
841 3476 980 3527 veterno.

255 3569 338 3631 Ante
351 3564 464 3630 Jovem
478 3563 552 3628 nulii
567 3564 748 3648 subigebant
762 3587 835 3632 arva
849 3568 971 3648 cubuit
1183 3575 1244 3636 126

212 3671 245 3739 N
248 3695 265 3737 e
281 3673 401 3756 signare
414 3669 540 3753 quidam
556 3683 608 3733 sut
624 3670 726 3755 puru'ri
742 3670 837 3738 limite
849 3693 994 3759 campum

212 3779 276 3847 Fas
291 3791 379 3855 erat3
401 3777 431 3839 in
447 3776 583 3842 medium
599 3777 796 3861 querebant3
819 3779 945 3864 ipsaque
961 3781 1051 3847 telius

209 3883 325 3951 Omnia
340 3881 474 3960 liberius,
490 3882 572 3946 nulio
587 3894 745 3967 poscente,
761 3879 912 3972 serebat.x

211 3991 267 4058 Ille
284 3986 398 4052 malum
413 3987 495 4052 virus
510 3985 701 4072 serpentibus
717 3986 834 4052 addidit
848 3992 930 4068 atris,

213 4093 410 4177 Predarique
426 4089 514 4176 lupos
521 4085 621 4178 jussit,
636 4107 825 4177 pontumque
841 4097 969 4173 moveri,
1185 4100 1247 4162 130

214 4199 371 4283 Mellnque
390 4195 525 4262 decussit
540 4193 629 4276 soliis,
645 4198 810 4284 ignemque
826 4201 965 4284 removit,
