2928 5002
642 474 759 536 LlBER
779 477 800 534 l.

210 619 311 689 Tunc
327 625 427 688 somni
440 623 561 702 dulces,
576 623 742 710 densusque
758 627 788 689 in
804 625 957 692 montibus
972 629 1098 694 umbre.

212 731 342 796 Cuncta
356 730 410 794 tibi
426 726 580 794 Cererem
596 732 695 816 pubes
710 733 839 816 agrestis
855 732 986 813 udoret3

211 837 278 902 Cui
295 851 327 900 tu
343 837 424 901 lucte
441 835 528 900 suros
544 851 576 900 et
591 837 655 902 miti
671 837 755 902 dilue
769 835 924 919 ‘Beccbor

211 941 346 1028 Terque
362 963 459 1008 noves
474 943 592 1006 circum
609 943 684 1007 felix
700 959 752 1010 eat
766 945 865 1010 hostie
879 944 995 1031 fruges,

212 1051 329 1116 Omnis
345 1069 437 1133 quem
453 1049 568 1114 chorus
584 1065 615 1114 et
631 1050 707 1116 socii
723 1051 905 1116 comitentur
920 1067 1056 1133 orantes,

213 1151 263 1217 Et
278 1151 431 1218 Cererem
446 1153 583 1219 clamore
599 1169 713 1218 vocent
728 1153 758 1218 in
776 1169 878 1220 tectu:
893 1177 996 1242 nsque
1013 1158 1082 1224 unte

217 1259 350 1325 Feleem
368 1261 492 1326 maturis
508 1261 669 1345 quisquam
686 1276 842 1345 supponet
853 1263 963 1340 aristis,

220 1363 328 1440 Quim
343 1363 464 1442 Cereri,
480 1362 562 1430 torti
575 1366 736 1430 redimitus
751 1380 891 1452 tempore
907 1389 1035 1453 quercu,
1130 1357 1134 1372 ’

221 1468 285 1537 Det
301 1487 402 1536 motus
416 1471 646 1556 incompositos,
663 1489 695 1537 et
709 1475 846 1539 carmine
861 1475 956 1540 dicet.

263 1578 368 1662 Atque
381 1577 447 1642 btee
463 1573 495 1641 ut
511 1579 603 1642 certis
618 1579 770 1663 possimus
786 1580 907 1646 discere
922 1581 1025 1666 signis,

216 1683 585 1768 AEstusquepluviesque
602 1697 633 1748 et
649 1700 775 1768 ugentes
792 1684 905 1768 frigora
921 1701 1039 1765 ventos,

218 1789 293 1876 lpse
309 1788 407 1854 Puter
422 1790 526 1854 statuit
541 1790 615 1874 quid
630 1805 788 1856 menstrua
803 1789 875 1855 lune
891 1806 1042 1871 moneret,

218 1895 296 1970 Quo
312 1897 401 1981 signo
416 1896 566 1960 cederent
581 1897 686 1973 austri,
703 1895 775 1980 quid
791 1893 873 1982 sepe
888 1898 1028 1962 videntes

185 2052 194 2069 .
218 2001 375 2088 Agricole
392 2000 517 2087 propiis
533 2001 658 2066 stabulis
674 2017 812 2068 armenta
827 2015 979 2067 tenerent.

265 2105 434 2183 Continui),
450 2107 549 2171 ventis
564 2109 767 2192 surgentibus,
784 2124 835 2174 aut
850 2107 928 2174 fretu
942 2112 1027 2195 ponti

220 2210 375 2298 Incipiunt
391 2212 504 2296 agitate
519 2224 704 2293 tumescere,
720 2229 753 2278 et
768 2214 872 2278 aridus
887 2213 955 2279 eltis

224 2317 384 2382 Montibus
399 2319 498 2382 eudiri
514 2317 625 2403 fruger,
644 2334 695 2382 eut
709 2321 883 2384 resonantia
898 2318 988 2404 longis

222 2421 342 2486 Littma
359 2422 492 2499 misceri,
508 2438 540 2488 et
554 2444 716 2488 nemorum
728 2424 958 2488 increbrescere
974 2447 1122 2490 murmur.
1261 2423 1263 2428 ’

221 2525 298 2591 Jem
313 2528 367 2591 sibi
382 2543 447 2591 tum
463 2529 567 2592 curvis
582 2527 663 2592 mulie
680 2541 832 2610 temperat
847 2527 929 2590 uudtt
944 2530 1067 2606 cerinis,

226 2631 335 2708 Quum
350 2633 453 2696 medio
467 2633 589 2698 celeres
604 2632 743 2696 revolant
758 2653 798 2698 ex
815 2651 936 2715 equore
953 2634 1060 2716 mergi,

224 2737 465 2827 Clumoremque
482 2739 584 2805 serunt
598 2741 639 2806 ed
654 2739 753 2804 littora
767 2762 778 2818 3
800 2759 956 2825 quumque
973 2739 1095 2804 merium

225 2841 259 2910 lu
276 2847 361 2911 sicco
375 2846 485 2911 ludunt
500 2845 623 2926 sulice3
645 2860 795 2931 nctesque
810 2844 940 2930 paludes

221 2949 350 3016 Deserit
365 2967 457 3036 atque
473 2952 565 3016 ultam
580 2973 672 3036 supra
688 2951 769 3018 volet
785 2952 879 3016 sr'dee
894 2950 1020 3016 nubem.

222 3055 316 3144 Saepi
332 3059 426 3122 etiam
442 3057 555 3135 stelles,
571 3071 663 3148 vecte
678 3058 887 3142 impendente,
903 3057 1022 3122 videbis
1143 3081 1144 3084 ¹

223 3163 406 3249 Pracipites
422 3163 503 3228 coelo
519 3162 590 3239 labi,
606 3162 765 3247 noctisque
776 3162 987 3254 perjtmbrum

226 3267 442 3334 Flammarum
457 3268 565 3352 longos
580 3289 599 3332 u
613 3283 700 3353 tergo
716 3269 876 3332 albescere
892 3282 1031 3351 tructus,

225 3375 320 3461 Saepb
334 3375 436 3438 levem
453 3373 575 3459 paleam
591 3387 623 3437 et
638 3371 763 3437 frondes
777 3373 905 3438 volitare
920 3374 1065 3453 caducus,

223 3483 292 3547 Aut
306 3477 428 3545 summit
443 3493 550 3544 nentes
566 3480 594 3542 iu
612 3477 693 3564 equit
703 3479 862 3544 colludere
878 3477 1008 3563 plumes.

221 3587 270 3652 At
285 3581 396 3648 Borete
413 3585 452 3647 de
469 3597 554 3668 perte
569 3584 665 3648 trucis
680 3603 774 3667 quum
791 3581 940 3659 fulminat,
956 3596 987 3646 et
1003 3603 1096 3669 quum

224 3691 368 3774 Eurique
383 3689 583 3774 Zephyrique
599 3703 684 3754 tonat
698 3689 830 3768 domus;
852 3688 955 3753 omniu
970 3688 1067 3774 plenis

225 3797 316 3860 Rura
331 3809 436 3858 nateut
451 3793 551 3873 fossis,
568 3810 659 3880 atque
675 3795 774 3858 omnis
789 3795 889 3860 navita
906 3811 999 3878 ponto

226 3901 369 3968 Humida
384 3900 453 3965 vela
469 3902 551 3986 legit.
575 3899 744 3986 Nunquam
759 3900 1001 3985 imprudentibus
1015 3901 1114 3970 imber

226 4007 360 4074 Obl'uit:
384 4021 436 4070 aut
451 4007 536 4072 illum
552 4021 728 4092 surgentem
741 4005 868 4070 vallibus
883 4007 952 4070 imis

224 4115 330 4178 Aenae
347 4109 454 4195 lugere
470 4133 584 4195 grues3
608 4125 660 4176 eut
673 4111 796 4206 bucule,
813 4112 927 4175 coelum

223 4219 419 4304 Suspiciens,
433 4220 545 4303 parutis
560 4219 692 4306 captavit
706 4219 828 4284 nuribus
844 4238 932 4282 eures
945 4241 955 4298 3
