2890 5002
496 454 500 464 ’
596 455 711 518 LIBER
730 457 779 518 rt.

208 611 312 694 Atque
329 607 469 694 Ephyre,
486 621 577 694 atque
593 609 681 695 Opis,
698 626 729 674 et
745 611 820 675 Asia
835 611 978 697 Deiopea
992 637 1002 692 3

207 713 253 778 Et
268 714 393 778 tandem
409 714 514 799 positis
527 715 617 778 velox
632 715 785 779 Arethusa
802 719 1113 814 sagittish-...s
1138 749 1145 756 ·
1177 741 1183 748 ·
1221 723 1236 733 ‘

207 818 295 884 luter
310 841 386 905 quas
401 841 507 884 curam
525 818 834 903 Clymenenarrabat
849 791 971 888 inehem
1179 827 1246 886 345

209 923 352 1002 Vulcani,
369 926 538 1010 Martisque
554 927 641 989 dolos
656 901 806 991 effilcia
821 926 910 1009 furta,

209 1013 398 1116 Aqueaiao
413 1033 526 1096 densus
542 1030 647 1095 divum
662 1034 843 1098 numerabat
859 1053 989 1097 amores.

209 1134 359 1201 Carmine
376 1158 436 1221 quo
451 1151 547 1222 capta
564 1137 638 1200 dum
655 1137 730 1202 susis
744 1139 848 1202 mollia
863 1161 960 1224 pensa

209 1239 398 1320 Devolvunt,
414 1244 522 1306 iterum
539 1255 693 1307 maternae
705 1243 823 1326 impulit
839 1265 929 1307 aures

209 1345 332 1410 Luctus
346 1347 477 1426 Aristaei,
492 1348 656 1433 vitreisque
673 1349 819 1413 sedilibus
835 1370 943 1415 ornnes

212 1449 431 1537 Obstupuere:
454 1452 509 1516 sed
525 1466 595 1518 ante
610 1452 686 1516 alins
701 1451 854 1519 Arethusa
870 1477 992 1522 sorores

213 1558 421 1646 Prospiciens,
436 1561 556 1628 summi
571 1563 683 1630 flavum
699 1579 792 1650 caput
808 1567 917 1630 extulit
932 1565 1025 1631 unda.

210 1664 255 1732 Et
271 1667 398 1752 procul:
422 1667 453 1731 Ο
468 1669 581 1752 gernitu
598 1690 658 1733 non
674 1668 784 1733 frustra
801 1671 946 1736 exterrita
961 1683 1056 1746 tanto,

208 1769 336 1858 Cyrene
352 1793 449 1851 soror,
465 1774 531 1858 ipse
547 1774 610 1852 tihi,
627 1787 679 1838 tua
695 1777 832 1838 maxima
849 1797 934 1855 cura,

206 1877 323 1941 Tristis
337 1877 484 1940 Aristeus
500 1875 599 1941 Penei
615 1877 759 1961 genitoris
775 1881 814 1944 ad
831 1879 946 1954 undam

210 1979 281 2047 Stat
295 1983 479 2065 lacrymans,
494 1996 527 2044 et
541 1996 572 2046 te
588 1983 747 2046 crudelem
763 1985 886 2049 nornine
899 1985 982 2048 dicit.

210 2085 295 2151 Huic
309 2107 456 2172 percussa
471 2085 552 2151 novi
566 2102 700 2152 mentem
718 2088 879 2154 formidine
895 2105 1005 2171 mater,

210 2185 285 2255 Duc
301 2209 369 2274 age,
386 2191 447 2256 duc
464 2191 503 2256 ad
519 2213 585 2269 nos,
601 2191 648 2256 fas
663 2192 704 2256 illi
720 2192 823 2257 limina
839 2193 943 2260 rlivtlm

208 2295 366 2379 Tangere,
383 2295 435 2360 ait.
461 2293 558 2359 Simul
574 2296 633 2360 alta
644 2297 734 2383 jubet
749 2296 910 2362 discedere
925 2298 985 2363 lara

208 2395 364 2478 Flumina,
381 2398 443 2485 qut
451 2401 574 2488 juvenis
588 2421 711 2484 gressus
727 2399 874 2466 inferret:
898 2403 1028 2466 utillum

207 2502 347 2572 Currata
361 2507 391 2570 in
406 2507 517 2570 monia
532 2505 645 2570 faciem
660 2509 861 2572 circumstetit
876 2509 968 2586 unda,

206 2613 402 2699 Accepitque
418 2614 483 2676 sinu
499 2625 597 2690 vasto,
613 2612 756 2696 misitque
772 2612 828 2675 snb
844 2633 978 2676 amnem.

206 2717 342 2803 Jamque
358 2719 484 2782 demum
498 2719 612 2784 mirans
627 2717 801 2802 genetricis,
818 2731 850 2780 et
865 2717 990 2780 humida
1007 2737 1112 2801 regna,

210 2823 434 2910 speluncisque
450 2825 535 2889 lacus
550 2824 683 2901 clausos,
699 2823 848 2908 lucusque
864 2837 1017 2901 sonantes,
1109 2892 1110 2896 ,

207 2928 300 3010 lhat3
322 2945 364 3006 et,
380 2931 493 3014 ingenti
508 2945 591 2994 motu
607 2928 795 3014 stupefactus
808 2949 967 3014 aquarum,

209 3035 323 3100 Omnia
338 3037 395 3101 suh
409 3035 521 3120 magni
535 3037 666 3100 labentia
682 3035 807 3101 flumina
821 3035 904 3102 terri

208 3140 379 3227 Spectabat
393 3143 514 3207 diversa
528 3142 615 3220 locis,
631 3128 829 3227 Phasimque,
847 3143 1042 3228 Lycumque,

207 3247 253 3312 Et
268 3263 363 3335 caput
377 3249 458 3312 unde
475 3247 552 3313 altus
567 3247 697 3333 primrim
714 3269 747 3312 se
764 3249 897 3332 erumpit
913 3245 1063 3333 Enipeus,

204 3353 303 3419 Unde
318 3369 407 3438 pater
420 3347 598 3432 Tiberinus,
615 3367 647 3417 et
661 3355 744 3418 unde
759 3355 880 3418 Aniena
895 3352 1019 3432 fluenta,

184 3459 424 3560 §nasumque
439 3481 550 3526 sonans
566 3458 719 3546 Hypanis,
735 3459 905 3544 Mysusque
922 3457 1049 3538 Caicus,

204 3561 250 3628 Et
265 3546 387 3648 gemina
403 3579 525 3629 auratus
541 3565 660 3631 taurino
675 3585 790 3629 comua
804 3565 887 3628 vultu

205 3667 374 3748 Eridanus,
391 3693 453 3756 quo
467 3693 527 3738 non
543 3671 620 3736 alius
634 3691 691 3757 per
706 3671 827 3755 pinguia
840 3670 923 3733 culta

204 3781 241 3846 In
259 3803 344 3846 mare
357 3801 548 3868 purpureum
562 3781 724 3846 violentior
738 3781 835 3844 effluit
850 3777 958 3844 amnis.
1039 3836 1042 3844 .

205 3886 375 3972 Postquam
393 3901 440 3950 est
455 3889 486 3951 in
501 3887 625 3951 thalami
641 3886 807 3969 pendentia
822 3885 944 3970 pumice
960 3897 1042 3948 tecta
1139 3881 1141 3886 ’

203 3992 405 4072 Perventum,
422 4007 453 4057 et
467 3994 529 4058 nati
545 3993 634 4058 fletus
649 3993 791 4076 cognovit
805 3991 910 4055 inanes

203 4099 344 4184 Cyrene,
360 4099 501 4164 manibus
516 4099 649 4184 liquidus
665 4099 739 4162 dant
752 4097 860 4162 ordine
876 4095 974 4160 sontes

201 4204 380 4281 Germane,
394 4204 550 4289 tunsisque
566 4203 668 4270 serunt
683 4200 938 4268 manteliavillis:
