2890 5002
211 479 267 538 164
645 469 836 532 AENEIDOS

254 627 423 712 Postquam
437 633 551 691 cuncta
564 621 650 689 videt
664 624 746 689 coelo
759 635 903 688 constare
917 642 1039 704 sereno,

252 728 317 798 Dat
331 730 451 795 clarum
466 751 484 794 e
498 729 596 814 puppi
610 729 748 814 signum,
770 747 826 791 nos
840 738 946 791 castra
959 747 1130 808 movemuS,

253 834 486 918 Tentanrusque
501 835 603 914 viam3
624 845 656 896 et
670 831 810 897 velorum
824 831 989 917 pandimus
1004 821 1125 944 alas.†
1235 837 1295 896 ⁵20

296 937 431 1020 Jamque
446 935 636 1000 rubescebat
650 933 747 999 stellis
762 937 885 998 Aurora
899 935 1024 1020 sugatis,

254 1039 358 1122 Quum
372 1038 482 1124 procul
496 1039 646 1103 obscuros
660 1037 756 1102 colles
771 1035 980 1122 humilemque
995 1036 1137 1102 videmus

255 1141 388 1206 ltaliam.
433 1140 552 1206 ltaliam
565 1140 683 1226 primus
697 1137 874 1204 conclamat
888 1138 1028 1204 Achates
1040 1166 1049 1220 ς

256 1246 378 1312 ltaliam
392 1245 465 1310 laeto
479 1246 557 1309 socii
571 1245 708 1309 clamore
722 1242 866 1308 salutant.

254 1351 336 1416 Tum
350 1364 441 1435 pater
454 1351 608 1414 Anchises
622 1369 767 1434 magnum
781 1359 907 1411 cratera
920 1346 1037 1413 coronal
1234 1343 1294 1415 '⁵26

253 1453 368 1534 Induit,
383 1453 583 1540 implevitque
598 1473 694 1534 mero,
709 1449 860 1537 divosque
875 1454 1002 1517 vocavit

256 1561 347 1624 Stans
361 1557 446 1622 celsa
461 1560 493 1624 in
507 1557 624 1643 puppi:

254 1659 310 1742 Dt,
324 1661 419 1725 maris
433 1673 465 1724 et
479 1672 570 1725 terrae
586 1671 865 1746 tempestatumque
880 1671 1032 1746 potentes,

255 1762 349 1829 Ferte
364 1765 449 1828 viam
463 1776 556 1828 vento
570 1763 705 1843 facilem,
719 1775 751 1827 et
765 1762 881 1848 spirate
896 1761 1035 1828 secundi.

255 1867 471 1932 Crebrescunt
484 1879 598 1954 optatae
613 1888 708 1948 aur-ae,
721 1879 891 1953 portusque
905 1869 1040 1952 patescit
1234 1873 1298 1932 530

253 1970 327 2035 Jam
341 1969 479 2055 propior,
494 1969 705 2055 templumque
719 1981 850 2054 apparet
865 1969 896 2033 in
911 1989 985 2034 arce
1002 1969 1165 2035 Minerva.

253 2073 339 2140 Vela
354 2072 459 2160 legunt
473 2074 560 2154 socii,
574 2087 606 2138 et
619 2093 729 2159 proras
744 2072 786 2137 ad
801 2072 905 2138 littore
919 2085 1074 2160 torquent.

255 2177 366 2241 Portus
381 2177 423 2240 ab
438 2175 544 2240 Euroo
558 2176 652 2240 fluctu
666 2190 811 2240 curvatus
826 2176 858 2240 in
872 2197 997 2258 arcum3

255 2277 398 2365 Objectoe
414 2277 497 2342 salsi
511 2291 656 2364 spumant
670 2279 833 2366 aspergine
847 2292 974 2344 cautes:

255 2381 327 2466 lpse
341 2380 437 2446 latet:
457 2381 580 2468 gemino
595 2380 759 2447 demittunt
773 2381 907 2447 brachia
921 2403 1010 2446 muro
1235 2389 1300 2448 5³5

255 2485 375 2550 Turriti
389 2485 519 2571 scopuli,
534 2487 709 2574 refugitque
725 2486 767 2551 ab
782 2484 885 2551 littore
900 2485 1059 2573 templum.

297 2588 439 2670 Quatuor
453 2587 517 2670 hic,
531 2592 666 2675 primum
680 2609 782 2668 omen,
797 2609 894 2674 equos
908 2591 941 2652 in
955 2589 1094 2676 gramine
1108 2587 1175 2653 vidi

255 2689 437 2756 Tondentes
451 2711 597 2777 campum
611 2689 683 2770 late,
697 2689 835 2755 candore
850 2690 957 2755 nivali.

254 2791 297 2860 Et
311 2807 401 2880 pater
415 2793 590 2858 Anchises:
614 2791 746 2872 Bellum,
760 2813 781 2856 o
795 2804 880 2856 terra
894 2792 1027 2880 hospita,
1041 2807 1169 2881 portast

256 2894 347 2960 Bello
361 2906 521 2957 armantur
534 2893 627 2976 equi3
647 2892 765 2957 bellum
780 2893 850 2958 haec
865 2908 1006 2960 armenta
1021 2900 1188 2962 minantur.
1234 2903 1303 2961 ⁵40

258 2995 321 3060 Sed
337 3009 439 3059 tamen
454 2993 541 3058 idem
554 2991 628 3056 olim
642 3013 737 3057 cmru
751 2994 922 3060 succedere
937 2999 1016 3062 sueti

257 3092 496 3180 Quadrupedes,
512 3108 543 3159 et
557 3095 656 3160 fraena
666 3095 744 3182 jugo
758 3097 928 3164 concordia
942 3101 1046 3165 serre:

257 3201 336 3284 Spes
351 3211 382 3263 et
395 3198 492 3283 pacis,
509 3197 565 3262 ait.
607 3197 689 3263 Tum
703 3200 830 3264 numina
843 3213 952 3266 sancta
965 3225 1132 3288 precamur

258 3300 394 3369 Palladis
408 3300 583 3381 armisonae,
597 3320 667 3385 quae
681 3301 783 3388 prima
796 3305 919 3390 accepit
933 3321 1082 3387 ovantes3

257 3407 300 3471 Et
314 3405 418 3490 capita
432 3415 503 3468 ante
518 3425 591 3469 aras
606 3401 744 3490 Phrygio
759 3405 901 3472 velamur
915 3409 1049 3475 amictu:
1233 3421 1306 3478 545

258 3509 490 3595 Praeceptisque
505 3506 636 3589 Heleni,
646 3505 779 3574 dederat
792 3531 862 3596 quae
876 3513 1022 3594 maxima,
1037 3513 1097 3579 rite

256 3611 372 3676 Junoni
386 3614 512 3698 Argiva
523 3611 627 3698 jussos
641 3609 800 3678 adolemus
815 3613 960 3680 honores.

301 3712 399 3780 Haud
413 3735 513 3794 mora,
526 3711 682 3792 continuit,
697 3715 844 3799 perlectis
858 3715 967 3784 ordine
982 3719 1071 3800 votis,

258 3817 387 3884 Cornua
400 3817 573 3884 velatarum
586 3817 777 3883 obvertimus
798 3831 999 3888 antennarum
1010 3847 1019 3901 ;

257 3921 531 4009 Grajugendhrque
546 3919 666 4002 domos,
680 3932 886 4006 suspectaque
902 3921 1068 4009 linquimus
1080 3945 1169 3992 arva.
1189 3936 1200 4022 p
1234 3935 1314 3996 5⁵0

258 4024 346 4089 Hinc
360 4023 443 4088 sinus
457 4021 620 4102 Herculei,
635 4023 661 4087 si
675 4045 751 4088 vera
765 4037 812 4088 est
826 4026 918 4106 fama,
933 4026 1065 4093 Tarenti
1117 4105 1123 4115 Ι

260 4128 417 4196 Cernitur.
462 4125 588 4192 Attollit.
597 4147 631 4192 se
645 4125 719 4192 diva
734 4126 866 4194 Lacinia
880 4129 998 4209 contra,
