2648 5288
564 716 718 779 acdona
738 721 787 780 ιιι.
1171 738 1203 795 11

571 903 755 950 nullam.

182 986 261 1061 Quid
276 986 402 1070 prodest
416 983 501 1070 quiid
517 987 644 1070 meipsa
661 989 762 1054 animo
774 1012 832 1055 nun
849 995 977 1076 spernis,
991 995 1139 1081 Amynta,

185 1093 225 1172 Si,
240 1094 312 1156 dum
328 1108 360 1156 tu
376 1091 503 1156 sectaris
518 1113 616 1176 apros,
632 1098 781 1176 agonalia
797 1097 908 1162 seruo?
1157 1105 1200 1162 75

575 1217 749 1259 numana.

183 1300 323 1385 Phyllida
339 1300 422 1362 mitte
439 1301 522 1377 mihi,
539 1322 628 1364 mens
642 1316 690 1365 est
705 1305 821 1382 natalis,
836 1302 901 1369 lola
916 1329 924 1369 ι

184 1405 284 1480 Quum
301 1403 411 1467 faciam
424 1402 514 1467 vituli
527 1425 585 1489 pro
600 1404 749 1488 frugibus,
770 1408 835 1490 ipse
850 1410 962 1472 venito.

569 1527 758 1570 unuaacsa.

185 1611 320 1696 Phyllida
335 1631 405 1675 amo
420 1626 490 1676 cute
506 1612 602 1675 aliast
624 1632 695 1675 nam
711 1633 760 1675 mc
777 1613 939 1677 discedere
955 1612 1048 1694 flevit,

186 1713 224 1779 Et
237 1717 368 1801 longum,
384 1715 527 1792 formose,
542 1715 621 1793 vale,
637 1715 715 1794 vale,
732 1718 837 1802 inquit,
852 1715 928 1782 lala.

155 1804 218 1850 χ-
573 1838 747 1882 numnis.
922 1806 959 1881 ‚l

106 1980 111 1991 ,
183 1920 279 1985 Triste
294 1922 384 2007 lupus
397 1920 532 1998 stabulis,
547 1924 671 1986 maturis
686 1921 822 2006 frugibus
837 1922 960 1999 imbres,
1158 1928 1201 1988 80

184 2027 344 2090 accontus
359 2027 451 2105 venti,
466 2025 553 2090 nabis
566 2026 762 2111 Amaryllidis
777 2027 839 2091 ira.

566 2149 753 2193 manaseas.

154 2286 177 2318 k·
183 2231 279 2296 Dulce
292 2234 365 2296 satis
378 2232 646 2343 hnmur‚)depulsie
660 2232 786 2296 arbutus
800 2232 904 2307 haedis,

183 2335 278 2401 Lenta
292 2338 369 2401 salix
385 2337 447 2401 leto
462 2337 578 2421 pecori,
593 2337 667 2401 mihi
683 2337 765 2400 solus
780 2338 940 2420 Amyntas.

213 2523 218 2531 Ι
572 2461 746 2503 nuuoenas.

184 2543 276 2610 Pollio
288 2559 370 2610 amat
384 2557 527 2620 nostram,
543 2544 678 2628 quamuis
694 2558 741 2608 est
756 2545 877 2622 rustica,
893 2564 1031 2610 musam:

185 2649 334 2729 Pierides‚'
344 2651 467 2714 vitulam
477 2650 582 2714 lecturi
597 2650 712 2734 pascite
728 2665 840 2715 vestm.
1156 2648 1198 2708 85

563 2773 751 2816 unuancas.
854 2727 874 2775 s

188 2857 280 2921 Pollio
295 2873 324 2921 et
338 2860 403 2943 ipse
420 2857 492 2920 lacit
505 2878 582 2920 nova
598 2858 752 2920 carmina:
775 2857 890 2939 pascite
905 2869 1036 2933 taurum,

187 2961 250 3026 Jam
266 2985 356 3026 comu
372 2977 466 3047 petat,
482 2977 513 3026 et
528 2962 658 3047 pedibus
673 2961 723 3044 qui
739 2974 860 3044 spargat
876 2980 1010 3023 arenam.

575 3083 749 3127 alumnas.

186 3172 245 3246 Qui
259 3187 301 3249 te,
317 3170 428 3249 Pollio,
440 3184 531 3247 amat,
546 3170 647 3233 veniat
662 3165 723 3253 qud
738 3182 768 3231 te
785 3188 905 3255 quoque
922 3166 1056 3250 gaudet:

186 3277 276 3342 llella
291 3278 385 3342 fluant
399 3277 451 3358 illi,
467 3277 544 3341 serat
559 3289 590 3338 et
605 3275 697 3338 rubus
713 3296 801 3359 asper
818 3295 983 3338 amomum.

570 3399 755 3441 maniacis.

187 3483 246 3561 Qui
262 3483 392 3551 Bavium
406 3506 466 3549 non
481 3484 555 3558 odit,
571 3497 652 3546 amet
667 3496 717 3545 tua
733 3481 877 3558 carmina,
894 3480 1005 3559 Mevi3
1159 3481 1202 3541 90

187 3594 286 3676 Atque
303 3592 385 3656 idem
396 3591 504 3677 jungat
514 3588 631 3672 vulpes,
647 3600 678 3649 et
693 3586 827 3669 mulgeat
841 3584 953 3649 hircos.

582 3709 756 3752 nunnus.

190 3797 250 3875 Qui
266 3800 363 3882 legitis
378 3797 469 3862 flores
484 3810 515 3860 et
530 3796 613 3859 humi
626 3794 780 3858 nascentia
795 3791 889 3875 fraga,

190 3903 339 3988 Frigidus,
355 3923 375 3965 ο
391 3901 489 3986 pueri,
503 3900 596 3984 sugite
611 3899 693 3975 hinc,
709 3897 781 3960 latet
798 3894 902 3978 anguis
917 3894 946 3956 in
962 3887 1067 3955 herbis.

599 4023 785 4065 manaseas.

192 4113 322 4188 Parcite,
337 4130 421 4186 oves,
437 4108 561 4172 nimium
578 4108 746 4192 procedere
760 4128 770 4184 3
792 4125 851 4168 nou
866 4103 946 4164 bene
962 4103 1032 4186 ripe

192 4215 355 4293 Creditur3
377 4215 442 4297 ipse
457 4212 536 4276 aries
552 4213 737 4276 etiamnunc
754 4208 865 4273 vellera
880 4206 984 4270 siccat.
1166 4203 1207 4262 95
