2756 5010
223 439 288 498 see
673 407 878 497 AENEtDot

270 591 419 660 Ducebat
435 581 609 680 Phrygias:
632 589 789 658 flammam
802 589 909 658 modia
923 591 991 677 ipsa
1005 591 1134 658 tenebat

271 697 440 785 Ingentem,
455 710 486 761 et
499 695 618 762 summa
633 694 762 762 Danaos
777 717 818 760 ex
833 715 908 761 arce
922 695 1070 760 vocabat.

270 801 353 867 Tum
369 825 418 866 me
433 801 609 866 coniectum
624 801 708 864 curis
722 819 892 884 somnoque
906 811 1070 886 gravatum
1239 799 1283 860 tet

271 906 385 971 Infelix
400 905 510 975 habuit
525 903 700 984 thalamus3
723 904 896 990 pressitque
907 903 1066 991 jacentem

270 1007 383 1076 Dulcis
398 1023 429 1073 et
444 1007 507 1074 alta
522 1011 622 1094 quies,
635 1005 833 1094 placidaque
848 1003 1006 1071 simillima
1019 979 1174 1072 monii(

272 1111 407 1200 Egregia
423 1115 543 1177 interea
557 1113 672 1198 conjux
688 1131 776 1176 mma
791 1112 894 1176 omnia
911 1109 1002 1174 tectis
1091 1121 1104 1134 '

271 1216 414 1296 Emovet,
429 1229 459 1280 et
474 1213 570 1279 fidum
583 1213 681 1300 capiti
694 1211 889 1280 subduxerat
903 1233 1018 1278 ensem.

271 1318 357 1386 intra
372 1333 456 1384 tecta
470 1331 564 1384 vocat
579 1316 767 1399 Menelaum,
782 1331 812 1382 et
828 1317 934 1382 hmine
949 1315 1080 1404 pandit3
1240 1319 1285 1378 ns

273 1422 402 1487 Scilicet
417 1419 447 1484 id
465 1441 609 1506 magnum
622 1441 752 1504 sperans
767 1420 834 1484 iore
849 1441 958 1484 munus
974 1422 1102 1499 amanti,

272 1521 314 1589 Et
328 1524 444 1588 famam
459 1521 597 1608 extingui
612 1535 753 1588 veterum
767 1525 814 1586 sic
829 1541 921 1608 posse
935 1519 1102 1586 malorum.

270 1625 357 1709 Quid
372 1628 499 1689 moror?
519 1624 693 1709 irrumpunt
708 1623 866 1705 thalam03
887 1645 993 1690 comes
1009 1623 1134 1690 additus
1148 1623 1204 1690 uni

271 1729 427 1795 Hortatur
441 1727 594 1792 scelerum
608 1725 765 1793 AEolides.
810 1727 863 1809 Dr,
878 1729 954 1792 talia
968 1727 1072 1794 Graiis

271 1833 456 1912 instaurate,
470 1831 523 1918 pio
537 1831 563 1896 si
577 1853 687 1917 peenas
702 1853 757 1896 ore
772 1803 999 1924 reposco-qknl
1015 1829 1047 1914 >l
1242 1831 1288 1892 680

178 1935 182 1950 '
248 1925 255 1940 '
272 1935 335 2002 Sed
350 1949 381 2000 te
396 1936 450 2020 qui
464 1935 568 2000 vivum
579 1955 682 2015 casus,
697 1956 766 2023 age,
780 1937 848 2002 lare
863 1937 1001 2002 vicissim

270 2039 456 2106 Attulerint:
479 2037 622 2125 pelagine
638 2041 725 2104 venis
741 2041 901 2105 erroribus
916 2046 1023 2106 actusl

271 2146 321 2209 An
336 2145 454 2208 monitu
468 2141 598 2206 divumt
619 2165 658 2206 an
674 2163 746 2229 quse
761 2156 792 2208 te
807 2144 931 2208 fortuna
946 2143 1065 2232 fatigat,

271 2245 316 2313 Ut
330 2250 433 2312 tristes
448 2247 513 2312 sine
528 2248 595 2312 sole
609 2247 728 2328 domos,
743 2246 815 2312 loca
828 2247 967 2328 turbida,
982 2249 1113 2314 adires?

270 2351 346 2418 Hic
361 2355 432 2416 vice
447 2372 623 2416 sermonum
637 2351 736 2416 roseis
751 2353 874 2416 Aurora
890 2351 1050 2439 quadrigis
1241 2353 1292 2411 635

270 2455 343 2522 Jam
358 2453 496 2520 medium
510 2455 642 2520 aetherio
655 2475 749 2520 cursu
763 2455 932 2542 trajecerat
946 2476 1059 2536 axem3

271 2559 312 2625 Et
326 2560 391 2624 fors
406 2580 498 2624 omne
513 2559 621 2624 datum
636 2557 797 2624 traherent
810 2579 867 2644 per
882 2558 959 2622 talia
976 2572 1118 2645 ternpus:

271 2663 335 2728 Sed
350 2683 454 2728 comes
469 2662 639 2742 admonuit,
653 2661 855 2745 breviterque
870 2659 964 2725 affata
979 2659 1108 2748 Sibylla
1124 2673 1188 2728 est:

270 2767 344 2834 Nox
358 2769 430 2848 ruit,
443 2763 566 2848 AEnea3
587 2787 644 2830 nos
658 2763 762 2831 flendo
777 2765 918 2830 ducimus
934 2765 1041 2832 horas.

270 2871 336 2936 Hic
352 2869 439 2933 locus
454 2879 500 2932 est
514 2880 620 2952 partes
635 2867 690 2930 ubi
704 2891 738 2932 se
753 2867 806 2932 via
820 2865 909 2932 findit
924 2868 954 2932 in
970 2868 1101 2933 ambas:
1243 2862 1294 2926 540

269 2973 423 3051 Dextera,
439 2989 508 3053 quoe
524 2969 608 3034 Ditis
622 2971 726 3056 magni
740 2971 799 3035 sub
814 2973 928 3037 rnoenia
942 2973 1060 3053 tendit;

270 3074 345 3139 Hac
360 3077 420 3139 iter
435 3071 578 3157 Elysium
592 3073 700 3137 nobisr
723 3086 754 3138 at
769 3073 850 3140 laeva
864 3075 1017 3140 malorum

268 3173 409 3241 Exercet
423 3194 543 3260 poenas,
557 3187 589 3238 et
604 3173 644 3239 ad
659 3175 756 3262 impia
771 3176 909 3242 Tartara
924 3181 1029 3242 mittit.

269 3278 459 3366 Deiphobus
473 3278 603 3344 contra:
625 3277 675 3343 Ne
690 3281 776 3361 saevi,
791 3301 905 3367 magna
919 3279 1087 3362 sacerdos;

270 3381 454 3462 Discedam,
468 3381 605 3470 explebo
620 3403 794 3464 numerum,
804 3383 985 3469 reddarque
1000 3386 1152 3452 tenebris.
1248 3385 1297 3446 ili

269 3487 295 3567 t,
309 3483 416 3568 decus,
430 3486 450 3566 i,
465 3497 622 3564 nostrum3
644 3485 826 3551 melioribus
848 3500 935 3552 utere
950 3489 1033 3554 latis.

270 3587 407 3656 Tantitm
421 3587 541 3670 effatus,
556 3602 587 3652 et
601 3591 633 3654 in
647 3591 747 3656 verbo
761 3591 891 3677 vestigia
906 3595 1005 3656 torsit.

313 3692 456 3780 Respicit
470 3688 591 3756 AEneas
605 3691 719 3774 subito,
733 3706 765 3758 et
779 3692 838 3759 sub
852 3715 930 3780 rupe
944 3695 1070 3760 sinistri

257 3797 391 3873 ,Moenia
405 3794 570 3891 lataqidet
584 3795 700 3883 triplici
715 3795 909 3864 circumdata
925 3819 1024 3879 muro,

263 3888 350 3984 xQuae
365 3897 494 3987 rapidus
509 3897 640 3964 flammis
654 3899 754 3964 ambit
767 3902 957 3967 torrentibus
970 3904 1071 3969 amnis
1251 3901 1302 3964 550

270 4003 442 4068 Tartareus
457 4001 660 4090 Phlegethon,
675 4015 860 4088 torquetque
874 4006 1017 4072 sonantia
1029 4026 1120 4072 saxa.

272 4104 367 4170 Porta
381 4103 525 4186 adversa,
540 4107 660 4191 ingens,
673 4105 837 4192 solidoque
851 4105 1021 4176 adamante
1034 4109 1212 4195 columnam
