<?xml version="1.0" encoding="UTF-8"?>
<!DOCTYPE html PUBLIC "-//W3C//DTD XHTML 1.0 Transitional//EN"
    "http://www.w3.org/TR/xhtml1/DTD/xhtml1-transitional.dtd">
<html xmlns="http://www.w3.org/1999/xhtml" xml:lang="en" lang="en">
 <head>
  <title>
</title>
<meta http-equiv="Content-Type" content="text/html;charset=utf-8" />
  <meta name='ocr-system' content='tesseract 3.04.00' />
  <meta name='ocr-capabilities' content='ocr_page ocr_carea ocr_par ocr_line ocrx_word'/>
</head>
<body>
  <div class='ocr_page' id='page_1' title='image "./bucolicageorgic00goulgoog_0123.png"; bbox 0 0 2890 5002; ppageno 0'>
   <div class='ocr_carea' id='block_1_1' title="bbox 604 427 761 490">
    <p class='ocr_par' dir='ltr' id='par_1_1' title="bbox 604 427 761 490">
     <span class='ocr_line' id='line_1_1' title="bbox 604 427 761 490; baseline 0.019 -3"><span class='ocrx_word' id='word_1_1' title='bbox 604 427 719 490; x_wconf 86' lang='lat' dir='ltr'>LIBER</span> <span class='ocrx_word' id='word_1_2' title='bbox 739 431 761 490; x_wconf 91' lang='lat' dir='ltr'>I.</span> 
     </span>
    </p>
   </div>
   <div class='ocr_carea' id='block_1_2' title="bbox 187 578 1222 878">
    <p class='ocr_par' dir='ltr' id='par_1_2' title="bbox 187 578 1222 878">
     <span class='ocr_line' id='line_1_2' title="bbox 188 578 1052 668; baseline 0 -22"><span class='ocrx_word' id='word_1_3' title='bbox 188 581 312 648; x_wconf 84' lang='lat' dir='ltr'>osocii</span> <span class='ocrx_word' id='word_1_4' title='bbox 327 578 444 666; x_wconf 87' lang='lat' dir='ltr'>(neque</span> <span class='ocrx_word' id='word_1_5' title='bbox 459 583 541 644; x_wconf 87' lang='lat' dir='ltr'>enim</span> <span class='ocrx_word' id='word_1_6' title='bbox 556 583 657 668; x_wconf 86' lang='lat' dir='ltr'>ignari</span> <span class='ocrx_word' id='word_1_7' title='bbox 671 603 775 646; x_wconf 85' lang='lat' dir='ltr'>sumus</span> <span class='ocrx_word' id='word_1_8' title='bbox 790 583 862 646; x_wconf 71' lang='lat' dir='ltr'>ante</span> <span class='ocrx_word' id='word_1_9' title='bbox 877 581 1052 667; x_wconf 85' lang='lat' dir='ltr'>malorum),</span> 
     </span>
     <span class='ocr_line' id='line_1_3' title="bbox 187 683 1010 771; baseline 0.001 -23"><span class='ocrx_word' id='word_1_10' title='bbox 187 685 219 748; x_wconf 94' lang='grc' dir='ltr'>Ο</span> <span class='ocrx_word' id='word_1_11' title='bbox 233 687 319 770; x_wconf 85' lang='lat' dir='ltr'>passi</span> <span class='ocrx_word' id='word_1_12' title='bbox 332 687 491 770; x_wconf 83' lang='lat' dir='ltr'>graviora,</span> <span class='ocrx_word' id='word_1_13' title='bbox 506 683 595 748; x_wconf 90' lang='lat' dir='ltr'>dabit</span> <span class='ocrx_word' id='word_1_14' title='bbox 609 684 686 749; x_wconf 90' lang='lat' dir='ltr'>deus</span> <span class='ocrx_word' id='word_1_15' title='bbox 702 684 752 749; x_wconf 88' lang='lat' dir='ltr'>bis</span> <span class='ocrx_word' id='word_1_16' title='bbox 766 707 890 771; x_wconf 92' lang='lat' dir='ltr'>quoque</span> <span class='ocrx_word' id='word_1_17' title='bbox 906 685 1010 750; x_wconf 85' lang='lat' dir='ltr'>finem.</span> 
     </span>
     <span class='ocr_line' id='line_1_4' title="bbox 189 774 1222 878; baseline 0.001 -24"><span class='ocrx_word' id='word_1_18' title='bbox 189 787 259 855; x_wconf 86' lang='lat' dir='ltr'>vos</span> <span class='ocrx_word' id='word_1_19' title='bbox 274 801 305 853; x_wconf 92' lang='lat' dir='ltr'>et</span> <span class='ocrx_word' id='word_1_20' title='bbox 321 785 488 874; x_wconf 78' lang='lat' dir='ltr'>Scyllaeam</span> <span class='ocrx_word' id='word_1_21' title='bbox 503 789 624 852; x_wconf 84' lang='lat' dir='ltr'>rabiem</span> <span class='ocrx_word' id='word_1_22' title='bbox 638 787 822 874; x_wconf 77' lang='lat' dir='ltr'>penitusque</span> <span class='ocrx_word' id='word_1_23' title='bbox 838 803 982 878; x_wconf 77' lang='lat' dir='ltr'>sonantes</span> <span class='ocrx_word' id='word_1_24' title='bbox 1161 774 1222 855; x_wconf 60' lang='lat'>205</span> 
     </span>
    </p>
   </div>
   <div class='ocr_carea' id='block_1_3' title="bbox 87 889 886 976">
    <p class='ocr_par' dir='ltr' id='par_1_3' title="bbox 87 889 886 976">
     <span class='ocr_line' id='line_1_5' title="bbox 87 889 886 976; baseline -0.003 -18"><span class='ocrx_word' id='word_1_25' title='bbox 87 955 89 958; x_wconf 84' lang='lat'>.</span> <span class='ocrx_word' id='word_1_26' title='bbox 189 889 334 954; x_wconf 71' lang='lat' dir='ltr'>Accdstis</span> <span class='ocrx_word' id='word_1_27' title='bbox 349 889 504 976; x_wconf 88' lang='lat' dir='ltr'>scopulos,</span> <span class='ocrx_word' id='word_1_28' title='bbox 520 912 574 954; x_wconf 88' lang='lat' dir='ltr'>vos</span> <span class='ocrx_word' id='word_1_29' title='bbox 590 905 620 954; x_wconf 92' lang='lat' dir='ltr'>et</span> <span class='ocrx_word' id='word_1_30' title='bbox 634 890 791 976; x_wconf 83' lang='lat' dir='ltr'>Cyclopia</span> <span class='ocrx_word' id='word_1_31' title='bbox 808 913 886 956; x_wconf 87' lang='lat' dir='ltr'>saxa</span> 
     </span>
    </p>
   </div>
   <div class='ocr_carea' id='block_1_4' title="bbox 180 991 1226 3542">
    <p class='ocr_par' dir='ltr' id='par_1_4' title="bbox 180 991 1222 2408">
     <span class='ocr_line' id='line_1_6' title="bbox 188 991 1034 1078; baseline 0.004 -22"><span class='ocrx_word' id='word_1_32' title='bbox 188 991 342 1076; x_wconf 83' lang='lat' dir='ltr'>Experti:</span> <span class='ocrx_word' id='word_1_33' title='bbox 365 1005 513 1056; x_wconf 87' lang='lat' dir='ltr'>revocate</span> <span class='ocrx_word' id='word_1_34' title='bbox 529 995 658 1070; x_wconf 89' lang='lat' dir='ltr'>animos,</span> <span class='ocrx_word' id='word_1_35' title='bbox 673 1007 876 1078; x_wconf 87' lang='lat' dir='ltr'>moestumque</span> <span class='ocrx_word' id='word_1_36' title='bbox 891 996 1034 1059; x_wconf 85' lang='lat' dir='ltr'>timorem</span> 
     </span>
     <span class='ocr_line' id='line_1_7' title="bbox 188 1094 1003 1181; baseline 0 -21"><span class='ocrx_word' id='word_1_37' title='bbox 188 1095 324 1173; x_wconf 82' lang='lat' dir='ltr'>Mittite3</span> <span class='ocrx_word' id='word_1_38' title='bbox 346 1095 451 1159; x_wconf 84' lang='lat' dir='ltr'><strong>forsan</strong></span> <span class='ocrx_word' id='word_1_39' title='bbox 467 1109 497 1159; x_wconf 91' lang='lat' dir='ltr'>et</span> <span class='ocrx_word' id='word_1_40' title='bbox 512 1095 577 1160; x_wconf 80' lang='lat' dir='ltr'>haec</span> <span class='ocrx_word' id='word_1_41' title='bbox 592 1094 666 1158; x_wconf 93' lang='lat' dir='ltr'>olim</span> <span class='ocrx_word' id='word_1_42' title='bbox 682 1099 858 1160; x_wconf 88' lang='lat' dir='ltr'>meminisse</span> <span class='ocrx_word' id='word_1_43' title='bbox 869 1097 1003 1181; x_wconf 87' lang='lat' dir='ltr'>juvabit.</span> 
     </span>
     <span class='ocr_line' id='line_1_8' title="bbox 192 1194 948 1282; baseline 0.001 -23"><span class='ocrx_word' id='word_1_44' title='bbox 192 1196 255 1259; x_wconf 87' lang='lat' dir='ltr'>Per</span> <span class='ocrx_word' id='word_1_45' title='bbox 269 1200 373 1260; x_wconf 88' lang='lat' dir='ltr'>varios</span> <span class='ocrx_word' id='word_1_46' title='bbox 387 1217 489 1276; x_wconf 90' lang='lat' dir='ltr'>casus,</span> <span class='ocrx_word' id='word_1_47' title='bbox 503 1218 562 1282; x_wconf 93' lang='lat' dir='ltr'>per</span> <span class='ocrx_word' id='word_1_48' title='bbox 576 1209 620 1259; x_wconf 93' lang='lat' dir='ltr'>tot</span> <span class='ocrx_word' id='word_1_49' title='bbox 634 1194 819 1260; x_wconf 89' lang='lat' dir='ltr'>discrimina</span> <span class='ocrx_word' id='word_1_50' title='bbox 833 1218 948 1276; x_wconf 88' lang='lat' dir='ltr'>rerum,</span> 
     </span>
     <span class='ocr_line' id='line_1_9' title="bbox 190 1296 1222 1383; baseline 0.005 -24"><span class='ocrx_word' id='word_1_51' title='bbox 190 1296 365 1361; x_wconf 85' lang='lat' dir='ltr'>Tendimus</span> <span class='ocrx_word' id='word_1_52' title='bbox 380 1301 412 1362; x_wconf 92' lang='lat' dir='ltr'>in</span> <span class='ocrx_word' id='word_1_53' title='bbox 428 1298 562 1377; x_wconf 86' lang='lat' dir='ltr'>Latium,</span> <span class='ocrx_word' id='word_1_54' title='bbox 577 1297 669 1362; x_wconf 86' lang='lat' dir='ltr'>sedes</span> <span class='ocrx_word' id='word_1_55' title='bbox 684 1299 739 1362; x_wconf 90' lang='lat' dir='ltr'>ubi</span> <span class='ocrx_word' id='word_1_56' title='bbox 754 1299 818 1363; x_wconf 85' lang='lat' dir='ltr'>fata</span> <span class='ocrx_word' id='word_1_57' title='bbox 834 1302 956 1383; x_wconf 87' lang='lat' dir='ltr'>quietas</span> <span class='ocrx_word' id='word_1_58' title='bbox 1162 1306 1222 1364; x_wconf 73' lang='lat'>20⁵</span> 
     </span>
     <span class='ocr_line' id='line_1_10' title="bbox 192 1398 1060 1489; baseline -0.001 -26"><span class='ocrx_word' id='word_1_59' title='bbox 192 1398 386 1464; x_wconf 85' lang='lat' dir='ltr'>Ostendunt:</span> <span class='ocrx_word' id='word_1_60' title='bbox 409 1400 475 1464; x_wconf 91' lang='lat' dir='ltr'>illic</span> <span class='ocrx_word' id='word_1_61' title='bbox 490 1403 538 1465; x_wconf 83' lang='lat' dir='ltr'>fas</span> <span class='ocrx_word' id='word_1_62' title='bbox 553 1421 649 1487; x_wconf 86' lang='lat' dir='ltr'>regna</span> <span class='ocrx_word' id='word_1_63' title='bbox 663 1423 825 1488; x_wconf 85' lang='lat' dir='ltr'>resurgere</span> <span class='ocrx_word' id='word_1_64' title='bbox 840 1402 954 1489; x_wconf 82' lang='lat' dir='ltr'>Trojae.</span> <span class='ocrx_word' id='word_1_65' title='bbox 1056 1407 1060 1416; x_wconf 86' lang='lat'><strong><em>&#39;</em></strong></span> 
     </span>
     <span class='ocr_line' id='line_1_11' title="bbox 190 1501 919 1582; baseline 0 -16"><span class='ocrx_word' id='word_1_66' title='bbox 190 1501 324 1582; x_wconf 86' lang='lat' dir='ltr'>Durate,</span> <span class='ocrx_word' id='word_1_67' title='bbox 338 1517 369 1567; x_wconf 89' lang='lat' dir='ltr'>et</span> <span class='ocrx_word' id='word_1_68' title='bbox 383 1517 502 1567; x_wconf 89' lang='lat' dir='ltr'>vosmet</span> <span class='ocrx_word' id='word_1_69' title='bbox 516 1505 610 1568; x_wconf 90' lang='lat' dir='ltr'>rebus</span> <span class='ocrx_word' id='word_1_70' title='bbox 625 1518 747 1567; x_wconf 87' lang='lat' dir='ltr'>servate</span> <span class='ocrx_word' id='word_1_71' title='bbox 763 1501 919 1568; x_wconf 87' lang='lat' dir='ltr'>secundis.</span> 
     </span>
     <span class='ocr_line' id='line_1_12' title="bbox 180 1581 990 1693; baseline 0.002 -25"><span class='ocrx_word' id='word_1_72' title='bbox 180 1581 215 1684; x_wconf 54' lang='lat' dir='ltr'>l</span> <span class='ocrx_word' id='word_1_73' title='bbox 234 1602 328 1669; x_wconf 81' lang='lat' dir='ltr'>Talia</span> <span class='ocrx_word' id='word_1_74' title='bbox 343 1627 422 1670; x_wconf 90' lang='lat' dir='ltr'>voce</span> <span class='ocrx_word' id='word_1_75' title='bbox 436 1607 542 1686; x_wconf 81' lang='lat' dir='ltr'>refert,</span> <span class='ocrx_word' id='word_1_76' title='bbox 557 1609 703 1690; x_wconf 88' lang='lat' dir='ltr'>curisque</span> <span class='ocrx_word' id='word_1_77' title='bbox 719 1607 894 1692; x_wconf 83' lang='lat' dir='ltr'>ingentibus</span> <span class='ocrx_word' id='word_1_78' title='bbox 909 1627 990 1693; x_wconf 84' lang='lat' dir='ltr'>aeger</span> 
     </span>
     <span class='ocr_line' id='line_1_13' title="bbox 190 1708 1052 1796; baseline -0.002 -24"><span class='ocrx_word' id='word_1_79' title='bbox 190 1710 287 1794; x_wconf 87' lang='lat' dir='ltr'>Spem</span> <span class='ocrx_word' id='word_1_80' title='bbox 302 1708 388 1773; x_wconf 86' lang='lat' dir='ltr'>vultu</span> <span class='ocrx_word' id='word_1_81' title='bbox 403 1708 536 1789; x_wconf 86' lang='lat' dir='ltr'>simulat,</span> <span class='ocrx_word' id='word_1_82' title='bbox 551 1712 664 1796; x_wconf 89' lang='lat' dir='ltr'>premit</span> <span class='ocrx_word' id='word_1_83' title='bbox 679 1709 774 1772; x_wconf 90' lang='lat' dir='ltr'>altum</span> <span class='ocrx_word' id='word_1_84' title='bbox 789 1709 885 1773; x_wconf 90' lang='lat' dir='ltr'>corde</span> <span class='ocrx_word' id='word_1_85' title='bbox 900 1708 1052 1774; x_wconf 90' lang='lat' dir='ltr'>dolorem.</span> 
     </span>
     <span class='ocr_line' id='line_1_14' title="bbox 189 1809 1222 1896; baseline 0 -22"><span class='ocrx_word' id='word_1_86' title='bbox 189 1809 242 1874; x_wconf 91' lang='lat' dir='ltr'>llli</span> <span class='ocrx_word' id='word_1_87' title='bbox 256 1833 291 1874; x_wconf 88' lang='lat' dir='ltr'>se</span> <span class='ocrx_word' id='word_1_88' title='bbox 304 1811 415 1896; x_wconf 79' lang='lat' dir='ltr'>praedoe</span> <span class='ocrx_word' id='word_1_89' title='bbox 431 1814 597 1896; x_wconf 85' lang='lat' dir='ltr'>accingunt</span> <span class='ocrx_word' id='word_1_90' title='bbox 608 1811 805 1896; x_wconf 85' lang='lat' dir='ltr'>dapibusque</span> <span class='ocrx_word' id='word_1_91' title='bbox 820 1812 947 1875; x_wconf 88' lang='lat' dir='ltr'>futuris:</span> <span class='ocrx_word' id='word_1_92' title='bbox 1162 1815 1222 1874; x_wconf 78' lang='lat'>210</span> 
     </span>
     <span class='ocr_line' id='line_1_15' title="bbox 188 1911 953 1998; baseline -0.001 -23"><span class='ocrx_word' id='word_1_93' title='bbox 188 1911 334 1998; x_wconf 86' lang='lat' dir='ltr'>Tergora</span> <span class='ocrx_word' id='word_1_94' title='bbox 349 1911 508 1997; x_wconf 90' lang='lat' dir='ltr'>deripiunt</span> <span class='ocrx_word' id='word_1_95' title='bbox 522 1915 627 1992; x_wconf 68' lang='lat' dir='ltr'>costis</span> <span class='ocrx_word' id='word_1_96' title='bbox 641 1927 672 1977; x_wconf 89' lang='lat' dir='ltr'>et</span> <span class='ocrx_word' id='word_1_97' title='bbox 686 1917 809 1977; x_wconf 83' lang='lat' dir='ltr'>viscera</span> <span class='ocrx_word' id='word_1_98' title='bbox 824 1912 953 1977; x_wconf 85' lang='lat' dir='ltr'>nudant.</span> 
     </span>
     <span class='ocr_line' id='line_1_16' title="bbox 192 2011 1085 2099; baseline 0 -22"><span class='ocrx_word' id='word_1_99' title='bbox 192 2011 273 2078; x_wconf 85' lang='lat' dir='ltr'>Pars</span> <span class='ocrx_word' id='word_1_100' title='bbox 288 2017 320 2077; x_wconf 92' lang='lat' dir='ltr'>in</span> <span class='ocrx_word' id='word_1_101' title='bbox 335 2014 433 2077; x_wconf 84' lang='lat' dir='ltr'>frusta</span> <span class='ocrx_word' id='word_1_102' title='bbox 448 2027 567 2093; x_wconf 82' lang='lat' dir='ltr'>secant,</span> <span class='ocrx_word' id='word_1_103' title='bbox 581 2015 779 2099; x_wconf 85' lang='lat' dir='ltr'>verubusque</span> <span class='ocrx_word' id='word_1_104' title='bbox 794 2017 958 2078; x_wconf 90' lang='lat' dir='ltr'>trementia</span> <span class='ocrx_word' id='word_1_105' title='bbox 973 2012 1085 2099; x_wconf 83' lang='lat' dir='ltr'>figunt:</span> 
     </span>
     <span class='ocr_line' id='line_1_17' title="bbox 190 2114 1049 2202; baseline -0.002 -21"><span class='ocrx_word' id='word_1_106' title='bbox 190 2114 313 2181; x_wconf 86' lang='lat' dir='ltr'>Littore</span> <span class='ocrx_word' id='word_1_107' title='bbox 329 2116 433 2182; x_wconf 89' lang='lat' dir='ltr'>ahena</span> <span class='ocrx_word' id='word_1_108' title='bbox 447 2116 552 2182; x_wconf 90' lang='lat' dir='ltr'>locant</span> <span class='ocrx_word' id='word_1_109' title='bbox 567 2115 631 2198; x_wconf 88' lang='lat' dir='ltr'>alii,</span> <span class='ocrx_word' id='word_1_110' title='bbox 646 2117 847 2202; x_wconf 85' lang='lat' dir='ltr'>flammasque</span> <span class='ocrx_word' id='word_1_111' title='bbox 862 2119 1049 2181; x_wconf 88' lang='lat' dir='ltr'>ministrant.</span> 
     </span>
     <span class='ocr_line' id='line_1_18' title="bbox 189 2219 1015 2307; baseline 0.004 -25"><span class='ocrx_word' id='word_1_112' title='bbox 189 2219 274 2282; x_wconf 91' lang='lat' dir='ltr'>Tum</span> <span class='ocrx_word' id='word_1_113' title='bbox 288 2221 373 2286; x_wconf 89' lang='lat' dir='ltr'>victu</span> <span class='ocrx_word' id='word_1_114' title='bbox 388 2233 538 2284; x_wconf 86' lang='lat' dir='ltr'>revocant</span> <span class='ocrx_word' id='word_1_115' title='bbox 552 2223 653 2299; x_wconf 78' lang='lat' dir='ltr'>vires3</span> <span class='ocrx_word' id='word_1_116' title='bbox 675 2221 796 2305; x_wconf 85' lang='lat' dir='ltr'>fusique</span> <span class='ocrx_word' id='word_1_117' title='bbox 811 2243 868 2307; x_wconf 91' lang='lat' dir='ltr'>per</span> <span class='ocrx_word' id='word_1_118' title='bbox 884 2219 1015 2285; x_wconf 88' lang='lat' dir='ltr'>herbam</span> 
     </span>
     <span class='ocr_line' id='line_1_19' title="bbox 191 2319 1221 2408; baseline 0.002 -24"><span class='ocrx_word' id='word_1_119' title='bbox 191 2319 364 2406; x_wconf 85' lang='lat' dir='ltr'>implentur</span> <span class='ocrx_word' id='word_1_120' title='bbox 378 2326 493 2386; x_wconf 86' lang='lat' dir='ltr'>veteris</span> <span class='ocrx_word' id='word_1_121' title='bbox 508 2320 631 2386; x_wconf 85' lang='lat' dir='ltr'>Bacchi</span> <span class='ocrx_word' id='word_1_122' title='bbox 645 2325 829 2408; x_wconf 85' lang='lat' dir='ltr'>pinguisque</span> <span class='ocrx_word' id='word_1_123' title='bbox 845 2323 962 2385; x_wconf 84' lang='lat' dir='ltr'>lerinae.</span> <span class='ocrx_word' id='word_1_124' title='bbox 1161 2328 1221 2387; x_wconf 75' lang='lat'>21⁵</span> 
     </span>
    </p>

    <p class='ocr_par' dir='ltr' id='par_1_5' title="bbox 190 2421 1226 3131">
     <span class='ocr_line' id='line_1_20' title="bbox 237 2421 1140 2509; baseline 0.003 -25"><span class='ocrx_word' id='word_1_125' title='bbox 237 2421 405 2508; x_wconf 86' lang='lat' dir='ltr'>Postquam</span> <span class='ocrx_word' id='word_1_126' title='bbox 419 2435 565 2509; x_wconf 87' lang='lat' dir='ltr'>exempta</span> <span class='ocrx_word' id='word_1_127' title='bbox 580 2424 679 2486; x_wconf 88' lang='lat' dir='ltr'>fames</span> <span class='ocrx_word' id='word_1_128' title='bbox 694 2421 804 2508; x_wconf 87' lang='lat' dir='ltr'>epulis,</span> <span class='ocrx_word' id='word_1_129' title='bbox 818 2443 993 2507; x_wconf 73' lang='lat' dir='ltr'>menseque</span> <span class='ocrx_word' id='word_1_130' title='bbox 1008 2435 1140 2504; x_wconf 73' lang='lat' dir='ltr'>remote,</span> 
     </span>
     <span class='ocr_line' id='line_1_21' title="bbox 195 2524 903 2612; baseline -0.003 -25"><span class='ocrx_word' id='word_1_131' title='bbox 195 2527 335 2588; x_wconf 80' lang='lat' dir='ltr'>Amissus</span> <span class='ocrx_word' id='word_1_132' title='bbox 348 2524 440 2612; x_wconf 83' lang='lat' dir='ltr'>longo</span> <span class='ocrx_word' id='word_1_133' title='bbox 454 2528 556 2590; x_wconf 87' lang='lat' dir='ltr'>socios</span> <span class='ocrx_word' id='word_1_134' title='bbox 571 2545 714 2589; x_wconf 88' lang='lat' dir='ltr'>sermone</span> <span class='ocrx_word' id='word_1_135' title='bbox 729 2525 903 2608; x_wconf 91' lang='lat' dir='ltr'>requirunt,</span> 
     </span>
     <span class='ocr_line' id='line_1_22' title="bbox 194 2624 1100 2715; baseline 0 -23"><span class='ocrx_word' id='word_1_136' title='bbox 194 2629 351 2714; x_wconf 85' lang='lat' dir='ltr'>Spemque</span> <span class='ocrx_word' id='word_1_137' title='bbox 365 2642 542 2715; x_wconf 89' lang='lat' dir='ltr'>metumque</span> <span class='ocrx_word' id='word_1_138' title='bbox 557 2633 639 2694; x_wconf 91' lang='lat' dir='ltr'>inter</span> <span class='ocrx_word' id='word_1_139' title='bbox 653 2627 752 2706; x_wconf 90' lang='lat' dir='ltr'>dubii,</span> <span class='ocrx_word' id='word_1_140' title='bbox 767 2649 822 2692; x_wconf 89' lang='lat' dir='ltr'>seu</span> <span class='ocrx_word' id='word_1_141' title='bbox 837 2629 945 2690; x_wconf 86' lang='lat' dir='ltr'>vivere</span> <span class='ocrx_word' id='word_1_142' title='bbox 960 2624 1100 2708; x_wconf 85' lang='lat' dir='ltr'>credant,</span> 
     </span>
     <span class='ocr_line' id='line_1_23' title="bbox 192 2728 1006 2819; baseline -0.005 -23"><span class='ocrx_word' id='word_1_143' title='bbox 192 2735 269 2797; x_wconf 87' lang='lat' dir='ltr'>Sive</span> <span class='ocrx_word' id='word_1_144' title='bbox 283 2749 423 2798; x_wconf 84' lang='lat' dir='ltr'>extrema</span> <span class='ocrx_word' id='word_1_145' title='bbox 437 2737 513 2819; x_wconf 85' lang='lat' dir='ltr'>pati,</span> <span class='ocrx_word' id='word_1_146' title='bbox 528 2755 586 2797; x_wconf 89' lang='lat' dir='ltr'>nec</span> <span class='ocrx_word' id='word_1_147' title='bbox 595 2735 664 2819; x_wconf 66' lang='lat' dir='ltr'>iam</span> <span class='ocrx_word' id='word_1_148' title='bbox 679 2728 831 2794; x_wconf 85' lang='lat' dir='ltr'>exaudire</span> <span class='ocrx_word' id='word_1_149' title='bbox 839 2741 985 2812; x_wconf 26' lang='lat' dir='ltr'>&#39;vocatos</span> <span class='ocrx_word' id='word_1_150' title='bbox 998 2735 1006 2814; x_wconf 73' lang='lat' dir='ltr'>l</span> 
     </span>
     <span class='ocr_line' id='line_1_24' title="bbox 192 2831 1226 2923; baseline -0.005 -22"><span class='ocrx_word' id='word_1_151' title='bbox 192 2835 356 2923; x_wconf 75' lang='lat' dir='ltr'>Praecipud</span> <span class='ocrx_word' id='word_1_152' title='bbox 372 2839 441 2920; x_wconf 88' lang='lat' dir='ltr'>pius</span> <span class='ocrx_word' id='word_1_153' title='bbox 456 2835 571 2898; x_wconf 81' lang='lat' dir='ltr'>AEneas</span> <span class='ocrx_word' id='word_1_154' title='bbox 585 2855 666 2899; x_wconf 89' lang='lat' dir='ltr'>nunc</span> <span class='ocrx_word' id='word_1_155' title='bbox 682 2834 765 2897; x_wconf 89' lang='lat' dir='ltr'>acris</span> <span class='ocrx_word' id='word_1_156' title='bbox 780 2831 913 2910; x_wconf 59' lang='lat' dir='ltr'>Oronti!</span> <span class='ocrx_word' id='word_1_157' title='bbox 1165 2837 1226 2896; x_wconf 71' lang='lat'>220</span> 
     </span>
     <span class='ocr_line' id='line_1_25' title="bbox 190 2939 980 3028; baseline -0.003 -22"><span class='ocrx_word' id='word_1_158' title='bbox 190 2942 286 3007; x_wconf 86' lang='lat' dir='ltr'>Nunc</span> <span class='ocrx_word' id='word_1_159' title='bbox 301 2945 417 3028; x_wconf 84' lang='lat' dir='ltr'>Amyci</span> <span class='ocrx_word' id='word_1_160' title='bbox 432 2963 538 3006; x_wconf 84' lang='lat' dir='ltr'>casum</span> <span class='ocrx_word' id='word_1_161' title='bbox 553 2945 658 3028; x_wconf 85' lang='lat' dir='ltr'>gemit,</span> <span class='ocrx_word' id='word_1_162' title='bbox 672 2955 703 3004; x_wconf 88' lang='lat' dir='ltr'>et</span> <span class='ocrx_word' id='word_1_163' title='bbox 717 2939 859 3004; x_wconf 89' lang='lat' dir='ltr'>crudelia</span> <span class='ocrx_word' id='word_1_164' title='bbox 874 2961 980 3004; x_wconf 87' lang='lat' dir='ltr'>secum</span> 
     </span>
     <span class='ocr_line' id='line_1_26' title="bbox 192 3043 1106 3131; baseline 0 -22"><span class='ocrx_word' id='word_1_165' title='bbox 192 3045 274 3109; x_wconf 84' lang='lat' dir='ltr'>Fata</span> <span class='ocrx_word' id='word_1_166' title='bbox 289 3045 384 3131; x_wconf 87' lang='lat' dir='ltr'>Lyci,</span> <span class='ocrx_word' id='word_1_167' title='bbox 397 3046 570 3130; x_wconf 84' lang='lat' dir='ltr'>fortemque</span> <span class='ocrx_word' id='word_1_168' title='bbox 584 3045 689 3130; x_wconf 87' lang='lat' dir='ltr'>Gyan,</span> <span class='ocrx_word' id='word_1_169' title='bbox 704 3045 876 3129; x_wconf 86' lang='lat' dir='ltr'>sortemque</span> <span class='ocrx_word' id='word_1_170' title='bbox 892 3043 1106 3116; x_wconf 82' lang='lat' dir='ltr'>Cloanthuml</span> 
     </span>
    </p>

    <p class='ocr_par' dir='ltr' id='par_1_6' title="bbox 188 3145 1226 3542">
     <span class='ocr_line' id='line_1_27' title="bbox 236 3145 1042 3232; baseline 0 -22"><span class='ocrx_word' id='word_1_171' title='bbox 236 3145 277 3210; x_wconf 89' lang='lat' dir='ltr'>Et</span> <span class='ocrx_word' id='word_1_172' title='bbox 288 3149 356 3232; x_wconf 87' lang='lat' dir='ltr'>jam</span> <span class='ocrx_word' id='word_1_173' title='bbox 371 3147 440 3210; x_wconf 88' lang='lat' dir='ltr'>finis</span> <span class='ocrx_word' id='word_1_174' title='bbox 455 3159 533 3226; x_wconf 85' lang='lat' dir='ltr'>erat,</span> <span class='ocrx_word' id='word_1_175' title='bbox 549 3168 642 3231; x_wconf 91' lang='lat' dir='ltr'>quum</span> <span class='ocrx_word' id='word_1_176' title='bbox 657 3147 780 3232; x_wconf 86' lang='lat' dir='ltr'>Jupiter</span> <span class='ocrx_word' id='word_1_177' title='bbox 795 3147 908 3210; x_wconf 74' lang='lat' dir='ltr'>ethere</span> <span class='ocrx_word' id='word_1_178' title='bbox 924 3169 1042 3210; x_wconf 91' lang='lat' dir='ltr'>summo</span> 
     </span>
     <span class='ocr_line' id='line_1_28' title="bbox 190 3248 1019 3336; baseline -0.002 -22"><span class='ocrx_word' id='word_1_179' title='bbox 190 3249 384 3336; x_wconf 89' lang='lat' dir='ltr'>Despiciens</span> <span class='ocrx_word' id='word_1_180' title='bbox 398 3273 486 3315; x_wconf 85' lang='lat' dir='ltr'>mare</span> <span class='ocrx_word' id='word_1_181' title='bbox 500 3248 680 3329; x_wconf 80' lang='lat' dir='ltr'>velivolum,</span> <span class='ocrx_word' id='word_1_182' title='bbox 695 3262 857 3334; x_wconf 86' lang='lat' dir='ltr'>terrasque</span> <span class='ocrx_word' id='word_1_183' title='bbox 868 3250 1019 3335; x_wconf 67' lang='lat' dir='ltr'>jacentes</span> 
     </span>
     <span class='ocr_line' id='line_1_29' title="bbox 188 3349 1226 3439; baseline -0.002 -19"><span class='ocrx_word' id='word_1_184' title='bbox 188 3355 390 3439; x_wconf 87' lang='lat' dir='ltr'>Littoraque,</span> <span class='ocrx_word' id='word_1_185' title='bbox 405 3367 436 3418; x_wconf 91' lang='lat' dir='ltr'>et</span> <span class='ocrx_word' id='word_1_186' title='bbox 451 3354 530 3418; x_wconf 88' lang='lat' dir='ltr'>latos</span> <span class='ocrx_word' id='word_1_187' title='bbox 544 3351 685 3438; x_wconf 86' lang='lat' dir='ltr'>populos,</span> <span class='ocrx_word' id='word_1_188' title='bbox 700 3355 745 3415; x_wconf 89' lang='lat' dir='ltr'>sic</span> <span class='ocrx_word' id='word_1_189' title='bbox 761 3355 878 3416; x_wconf 90' lang='lat' dir='ltr'>vertice</span> <span class='ocrx_word' id='word_1_190' title='bbox 894 3349 967 3415; x_wconf 86' lang='lat' dir='ltr'>coeli</span> <span class='ocrx_word' id='word_1_191' title='bbox 1166 3361 1226 3418; x_wconf 68' lang='lat'>225</span> 
     </span>
     <span class='ocr_line' id='line_1_30' title="bbox 190 3455 909 3542; baseline -0.007 -20"><span class='ocrx_word' id='word_1_192' title='bbox 190 3457 352 3536; x_wconf 88' lang='lat' dir='ltr'>Constitit,</span> <span class='ocrx_word' id='word_1_193' title='bbox 367 3471 397 3521; x_wconf 89' lang='lat' dir='ltr'>et</span> <span class='ocrx_word' id='word_1_194' title='bbox 412 3457 525 3542; x_wconf 82' lang='lat' dir='ltr'>Libyae</span> <span class='ocrx_word' id='word_1_195' title='bbox 540 3455 649 3520; x_wconf 87' lang='lat' dir='ltr'>defixit</span> <span class='ocrx_word' id='word_1_196' title='bbox 665 3455 781 3519; x_wconf 90' lang='lat' dir='ltr'>lumina</span> <span class='ocrx_word' id='word_1_197' title='bbox 795 3457 909 3542; x_wconf 86' lang='lat' dir='ltr'>regnis.</span> 
     </span>
    </p>
   </div>
   <div class='ocr_carea' id='block_1_5' title="bbox 188 3556 1228 4158">
    <p class='ocr_par' dir='ltr' id='par_1_7' title="bbox 190 3556 928 3645">
     <span class='ocr_line' id='line_1_31' title="bbox 190 3556 928 3645; baseline -0.007 -21"><span class='ocrx_word' id='word_1_198' title='bbox 190 3562 300 3643; x_wconf 83' lang='lat' dir='ltr'>Atque</span> <span class='ocrx_word' id='word_1_199' title='bbox 315 3556 402 3622; x_wconf 89' lang='lat' dir='ltr'>illum</span> <span class='ocrx_word' id='word_1_200' title='bbox 417 3557 496 3624; x_wconf 88' lang='lat' dir='ltr'>tales</span> <span class='ocrx_word' id='word_1_201' title='bbox 506 3561 679 3645; x_wconf 88' lang='lat' dir='ltr'>jactantem</span> <span class='ocrx_word' id='word_1_202' title='bbox 693 3570 821 3642; x_wconf 86' lang='lat' dir='ltr'>pectore</span> <span class='ocrx_word' id='word_1_203' title='bbox 836 3577 928 3620; x_wconf 88' lang='lat' dir='ltr'>curas</span> 
     </span>
    </p>

    <p class='ocr_par' dir='ltr' id='par_1_8' title="bbox 190 3657 1228 4054">
     <span class='ocr_line' id='line_1_32' title="bbox 190 3657 1100 3748; baseline -0.004 -22"><span class='ocrx_word' id='word_1_204' title='bbox 190 3663 341 3741; x_wconf 78' lang='lat' dir='ltr'>Tristior,</span> <span class='ocrx_word' id='word_1_205' title='bbox 356 3676 387 3726; x_wconf 89' lang='lat' dir='ltr'>et</span> <span class='ocrx_word' id='word_1_206' title='bbox 401 3661 553 3748; x_wconf 80' lang='lat' dir='ltr'>lacrymis</span> <span class='ocrx_word' id='word_1_207' title='bbox 567 3659 674 3725; x_wconf 89' lang='lat' dir='ltr'>oculos</span> <span class='ocrx_word' id='word_1_208' title='bbox 689 3657 803 3724; x_wconf 83' lang='lat' dir='ltr'>suffusa</span> <span class='ocrx_word' id='word_1_209' title='bbox 819 3663 960 3739; x_wconf 88' lang='lat' dir='ltr'>nitentes,</span> <span class='ocrx_word' id='word_1_210' title='bbox 1099 3731 1100 3740; x_wconf 10' lang='grc' dir='ltr'>χ</span> 
     </span>
     <span class='ocr_line' id='line_1_33' title="bbox 192 3761 1108 3850; baseline 0 -22"><span class='ocrx_word' id='word_1_211' title='bbox 192 3763 374 3850; x_wconf 89' lang='lat' dir='ltr'>Alloquitur</span> <span class='ocrx_word' id='word_1_212' title='bbox 388 3765 516 3828; x_wconf 88' lang='lat' dir='ltr'>Venus:</span> <span class='ocrx_word' id='word_1_213' title='bbox 539 3765 569 3828; x_wconf 92' lang='grc' dir='ltr'>Ο</span> <span class='ocrx_word' id='word_1_214' title='bbox 583 3767 635 3848; x_wconf 93' lang='lat' dir='ltr'>qui</span> <span class='ocrx_word' id='word_1_215' title='bbox 651 3785 702 3827; x_wconf 91' lang='lat' dir='ltr'>res</span> <span class='ocrx_word' id='word_1_216' title='bbox 717 3762 937 3846; x_wconf 89' lang='lat' dir='ltr'>hominumque</span> <span class='ocrx_word' id='word_1_217' title='bbox 952 3761 1108 3848; x_wconf 80' lang='lat' dir='ltr'>defimque</span> 
     </span>
     <span class='ocr_line' id='line_1_34' title="bbox 194 3863 1228 3953; baseline -0.005 -20"><span class='ocrx_word' id='word_1_218' title='bbox 194 3867 334 3933; x_wconf 81' lang='lat' dir='ltr'>AEternis</span> <span class='ocrx_word' id='word_1_219' title='bbox 349 3871 432 3953; x_wconf 86' lang='lat' dir='ltr'>regis</span> <span class='ocrx_word' id='word_1_220' title='bbox 446 3869 597 3952; x_wconf 88' lang='lat' dir='ltr'>imperiis,</span> <span class='ocrx_word' id='word_1_221' title='bbox 612 3880 642 3930; x_wconf 90' lang='lat' dir='ltr'>et</span> <span class='ocrx_word' id='word_1_222' title='bbox 659 3863 786 3930; x_wconf 83' lang='lat' dir='ltr'>fulmine</span> <span class='ocrx_word' id='word_1_223' title='bbox 802 3879 927 3950; x_wconf 54' lang='lat' dir='ltr'>terres]</span> <span class='ocrx_word' id='word_1_224' title='bbox 1167 3872 1228 3928; x_wconf 68' lang='lat'>930</span> 
     </span>
     <span class='ocr_line' id='line_1_35' title="bbox 190 3955 960 4054; baseline -0.004 -21"><span class='ocrx_word' id='word_1_225' title='bbox 190 3969 283 4054; x_wconf 84' lang='lat' dir='ltr'>Quid</span> <span class='ocrx_word' id='word_1_226' title='bbox 299 3991 387 4034; x_wconf 90' lang='lat' dir='ltr'>meus</span> <span class='ocrx_word' id='word_1_227' title='bbox 403 3969 517 4036; x_wconf 84' lang='lat' dir='ltr'>AEneas</span> <span class='ocrx_word' id='word_1_228' title='bbox 533 3973 564 4034; x_wconf 90' lang='lat' dir='ltr'>in</span> <span class='ocrx_word' id='word_1_229' title='bbox 580 3983 610 4032; x_wconf 90' lang='lat' dir='ltr'>te</span> <span class='ocrx_word' id='word_1_230' title='bbox 625 3970 818 4032; x_wconf 88' lang='lat' dir='ltr'>committere</span> <span class='ocrx_word' id='word_1_231' title='bbox 833 3955 960 4046; x_wconf 83' lang='lat' dir='ltr'>tantum,</span> 
     </span>
    </p>

    <p class='ocr_par' dir='ltr' id='par_1_9' title="bbox 188 4069 981 4158">
     <span class='ocr_line' id='line_1_36' title="bbox 188 4069 981 4158; baseline 0.003 -22"><span class='ocrx_word' id='word_1_232' title='bbox 188 4071 282 4158; x_wconf 79' lang='lat' dir='ltr'>Quid</span> <span class='ocrx_word' id='word_1_233' title='bbox 298 4073 400 4138; x_wconf 72' lang='lat' dir='ltr'>Trobs</span> <span class='ocrx_word' id='word_1_234' title='bbox 415 4069 556 4158; x_wconf 71' lang='lat' dir='ltr'>potuine,</span> <span class='ocrx_word' id='word_1_235' title='bbox 571 4069 685 4155; x_wconf 89' lang='lat' dir='ltr'>quibus</span> <span class='ocrx_word' id='word_1_236' title='bbox 701 4081 744 4132; x_wconf 89' lang='lat' dir='ltr'>tot</span> <span class='ocrx_word' id='word_1_237' title='bbox 759 4069 866 4134; x_wconf 86' lang='lat' dir='ltr'>lunera</span> <span class='ocrx_word' id='word_1_238' title='bbox 881 4072 981 4154; x_wconf 80' lang='lat' dir='ltr'>passis</span> 
     </span>
    </p>
   </div>
   <div class='ocr_carea' id='block_1_6' title="bbox 0 0 1450 5002">
    <p class='ocr_par' dir='ltr' id='par_1_10' title="bbox 0 0 1450 5002">
     <span class='ocr_line' id='line_1_37' title="bbox 0 0 1450 5002; baseline 0 1"><span class='ocrx_word' id='word_1_239' title='bbox 0 0 1450 5002; x_wconf 95' lang='lat' dir='ltr'> </span> 
     </span>
    </p>
   </div>
  </div>
 </body>
</html>
