2792 4998
499 477 616 538 LIBER
636 480 686 540 111.

107 637 167 703 Nou
180 634 277 719 dedit,
298 639 392 723 inque
408 649 497 702 notos
508 659 619 702 vocem
633 637 758 703 vertere
774 637 932 726 procellae.

105 741 186 829 Ergo,
199 756 230 806 ut
243 745 335 807 missa
350 763 445 806 manu
460 745 593 805 sonitum
608 741 695 806 dedit
710 742 800 807 hasta
814 765 871 830 per
886 765 988 828 auras,

105 841 278 926 Convertere
293 847 414 908 animos
429 865 530 920 acres,
545 843 714 922 oculosque
730 843 829 910 tulere

104 945 204 1012 Cuncti
218 947 256 1012 ad
271 948 411 1033 reginam
425 946 547 1011 Volsci.
593 945 680 1010 Nihil
695 946 763 1033 ipsa
777 968 878 1031 neque
894 967 976 1012 aura

104 1045 161 1114 Nec
174 1051 283 1114 sonittis
297 1071 427 1128 memor,
443 1062 497 1111 aut
510 1049 664 1112 venientis
679 1049 721 1111 ab
737 1049 854 1113 aetluere
869 1049 941 1131 teli3

102 1149 193 1218 Hasta
205 1152 260 1215 sub
274 1163 433 1216 exsertam
448 1149 548 1214 donec
564 1149 686 1236 perlata
701 1149 852 1236 papillam

102 1251 199 1334 Hesio,
213 1256 445 1340 virgineumque
461 1249 524 1316 alto
540 1251 618 1315 bibit
634 1267 705 1316 acta
719 1274 874 1316 cruorem.

102 1356 278 1423 Concurrunt
293 1357 426 1443 trepidae
443 1359 583 1436 comiteS,
598 1355 818 1440 dominamque
833 1369 973 1422 ruentem

101 1459 266 1546 Suscipiunt.
313 1460 405 1546 Fugit
420 1473 491 1524 ante
506 1481 614 1523 omnes
631 1463 797 1524 exterritus
812 1462 942 1542 Arruns,

102 1559 207 1628 Latititi
222 1568 382 1649 mixtoque
397 1577 501 1644 metu,
522 1585 581 1626 nec
592 1565 659 1650 jam
676 1560 808 1649 ampliius
825 1553 921 1628 haslae

101 1663 231 1747 Credere,
244 1689 303 1732 nec
320 1665 388 1730 telis
404 1687 569 1729 occurrere
585 1665 713 1752 virginis
728 1664 833 1729 audet.

101 1769 139 1831 Ac
152 1769 226 1833 velut
240 1769 302 1850 ille,
319 1765 406 1855 priris
422 1767 514 1852 quarn
530 1765 593 1830 tela
608 1771 736 1832 inimica
751 1781 929 1854 sequantur,

100 1867 235 1937 Continuo
250 1873 279 1936 in
294 1883 417 1935 montes
433 1892 501 1934 sese
516 1871 604 1934 avius
619 1869 740 1936 abdidit
755 1871 843 1954 altos,

99 1971 194 2040 Occiso
206 1989 342 2062 pastore,
357 1975 457 2060 lupus,
472 1995 624 2060 magnove
633 1975 780 2062 juvenco,

99 2075 230 2143 Conscius
245 2077 378 2144 audacis
394 2077 479 2158 facti,
493 2075 688 2162 caudamque
704 2080 878 2148 remulcens

99 2178 217 2266 Subjecit
229 2182 424 2267 pavitantem
439 2191 537 2258 utero,
552 2177 710 2266 silvasque
724 2184 852 2268 petivit:

98 2278 178 2345 Haud
192 2305 278 2348 secus
293 2303 338 2347 ex
353 2279 451 2345 oculis
466 2303 499 2344 se
514 2281 656 2348 turbidus
671 2285 798 2350 abstulit
813 2290 942 2370 Arruns,

98 2381 311 2472 Contentusque
329 2385 411 2472 suga,
426 2383 536 2450 mediis
551 2409 584 2450 se
600 2389 766 2454 immiscuit
781 2394 886 2456 armis.

130 2487 177 2552 1113
190 2513 278 2556 manu
293 2493 433 2556 moriens
449 2489 542 2554 telum
558 2489 673 2572 trahit,
695 2515 765 2558 ossa
780 2495 837 2560 sed
851 2497 933 2560 inter

94 2587 208 2658 Ferreus
221 2595 261 2659 ad
275 2607 384 2658 costas
399 2591 461 2656 3110
477 2604 537 2656 stat
550 2591 679 2658 vulnere
694 2616 813 2660 mucro.

94 2691 208 2761 Labitur
220 2696 400 2780 exsanguis,
414 2694 562 2762 labuntur
577 2695 691 2782 frigida
706 2695 769 2762 leto

94 2791 226 2882 Lumiua3
246 2819 426 2886 purpureus
441 2797 598 2882 quondam
613 2797 701 2863 color
715 2821 770 2865 ora
784 2799 920 2888 reliquit.

93 2897 160 2966 Tum
172 2905 213 2968 sic
229 2906 397 2992 exspirans
412 2903 542 2996 Accam,
558 2924 598 2966 ex
613 2901 786 2986 aequalibus
800 2927 902 2987 unam,

91 3003 257 3094 Alloquitur,
276 3007 345 3075 fida
361 3020 433 3072 ante
449 3007 527 3071 alias
542 3027 611 3094 quae
626 3007 691 3072 sola
707 3009 860 3092 Camilla,

92 3105 206 3188 Quicum
220 3114 337 3197 partiri
352 3131 466 3189 curas,
488 3123 582 3193 atque
597 3109 666 3175 haec
682 3114 724 3176 ita
739 3113 838 3178 1311111

91 3205 245 3296 Hactenus,
260 3217 353 3278 Acca
368 3233 466 3291 soror,
480 3210 586 3298 potui:
609 3234 689 3278 nunc
704 3213 815 3278 vulnus
829 3218 978 3282 acerbum

91 3309 215 3398 Conficit,
230 3331 261 3382 et
275 3315 421 3382 tenebris
436 3318 614 3402 nigrescunt
628 3318 731 3382 omnia
746 3316 877 3383 circium.

89 3411 192 3502 Effuge,
204 3434 235 3483 et
250 3419 324 3484 haec
340 3417 448 3481 Turno
462 3415 611 3482 mandata
626 3418 792 3484 novissima
807 3421 929 3506 perfer:

88 3519 226 3590 succedat
240 3546 365 3616 pugne,
380 3523 535 3610 Trojanos
550 3538 656 3588 arceat
670 3525 759 3590 urbe.

86 3621 204 3714 Jamque
217 3630 302 3696 vale.
351 3626 449 3692 Simul
466 3627 514 3690 his
529 3626 620 3692 dictis
636 3625 796 3711 linquebat
811 3629 962 3711 habenae,

84 3725 127 3792 nd
141 3743 249 3798 terram
265 3755 331 3798 non
347 3743 457 3816 sponte
472 3729 580 3795 fluens.
624 3730 706 3795 Tum
722 3731 834 3818 frigida
850 3747 913 3800 toto

87 3825 223 3898 Paulatim
240 3832 377 3898 exsolvit
392 3854 426 3896 se
441 3853 584 3918 corpore,
599 3831 745 3918 lentaque
760 3831 843 3898 colla

84 3925 117 3994 Et
129 3949 249 4020 captum
266 3935 331 4000 leto
346 3937 449 4020 posuit
463 3948 567 4021 caput,
582 3957 668 3998 arma
682 3935 878 4020 relinquens;

84 4029 208 4121 Vitaque
222 4059 296 4102 cum
312 4039 429 4124 gemitu
443 4037 519 4122 fugit
534 4035 691 4124 indignata
705 4039 764 4102 sub
778 4040 915 4107 umbras.

84 4131 153 4206 Tum
166 4139 243 4208 verti
258 4143 428 4212 immensus
442 4161 572 4227 surgens
586 4139 659 4206 ferit
672 4161 769 4206 aurea
782 4141 902 4212 clamor
