2772 4998
509 461 626 522 LIBER
645 463 681 522 X.

148 623 267 688 interea
281 625 404 710 genitor
417 620 562 694 Tiberini
576 620 617 685 ad
632 622 766 686 fluminis
779 619 895 686 undam

112 725 245 792 Vulnera
260 723 401 790 siccabat
416 724 563 812 lymphis,
577 744 753 810 corpusque
769 722 905 806 levabat,

112 831 234 895 Arboris
249 829 378 894 acclinis
393 841 520 894 munao:
542 826 652 914 procul
667 849 749 894 area
763 830 859 892 ramis
1025 889 1028 908 ,
1075 833 1137 892 885

110 931 270 1018 Dependet
283 932 385 1019 galea,
399 945 430 996 et
444 945 536 1018 prato
549 933 661 1018 gravia
676 951 765 996 arma
779 931 951 1014 quiescunt.

111 1037 192 1101 Stant
206 1037 279 1102 lecti
292 1035 411 1102 circium
421 1038 574 1124 juvenes:
597 1041 665 1123 ipse
680 1057 773 1124 aeger,
788 1035 948 1116 anhelans,

107 1137 194 1203 Colla
207 1138 302 1221 lovel,
316 1139 400 1203 susus
416 1161 587 1224 properam
602 1140 632 1204 in
647 1151 777 1224 pectore
793 1138 938 1202 barbam.

110 1239 200 1307 Multa
215 1265 310 1328 super
325 1244 430 1307 Lauso
445 1245 567 1330 rogitat,
582 1241 774 1327 multumque
788 1241 917 1306 remittit

108 1344 164 1426 Qui
178 1359 338 1426 reuocent,
353 1347 515 1428 maestique
531 1346 632 1410 ierant
647 1344 793 1410 mandata
807 1345 957 1431 parentis.
1078 1349 1141 1408 840

109 1448 147 1509 At
161 1447 297 1512 Lausum
312 1452 390 1513 socii
406 1450 581 1514 exanimem
596 1471 690 1535 super
706 1469 794 1514 arma
808 1448 953 1514 ferebant

108 1547 237 1629 Flentes,
253 1551 417 1636 ingentem,
432 1564 525 1638 atque
539 1555 657 1640 ingenti
672 1551 801 1618 vulnere
816 1551 943 1616 victum.

109 1657 238 1742 Agnovit
254 1658 346 1746 longe
360 1660 506 1746 gemitum
520 1681 664 1745 praesaga
679 1658 753 1724 mali
768 1680 873 1738 mens余

108 1759 260 1826 Canitiem
274 1762 370 1826 multo
384 1761 539 1828 deformat
553 1762 694 1848 pulvere,
710 1777 741 1827 et
754 1762 864 1828 ambas

105 1861 153 1927 td
168 1863 283 1928 coelum
298 1865 398 1930 tendit
412 1865 542 1951 palmas,
557 1879 588 1930 et
602 1887 736 1952 corpore
750 1865 906 1930 inhaeret:
1079 1863 1141 1928 849

107 1964 246 2032 Tantane
262 1990 312 2034 me
328 1971 426 2032 tenuit
440 1968 578 2048 vivendi,
592 1985 676 2050 nate,
690 1967 846 2053 voluptas,

109 2063 148 2131 Ut
161 2091 219 2154 pro
234 2091 286 2134 me
301 2069 407 2134 hostili
421 2083 548 2162 paterer
562 2070 734 2135 succedam
750 2069 872 2134 dextra

103 2169 204 2250 Quem
218 2171 336 2258 genui?
358 2185 449 2237 tuane
464 2172 533 2238 haec
547 2176 669 2260 genitor
682 2194 740 2258 per
754 2171 884 2237 vulnera
898 2157 1018 2250 se'rvor,

106 2269 204 2338 Morte
220 2273 276 2338 tusi
290 2276 423 2338 vivenai
444 2273 525 2339 heu!
547 2295 629 2339 nunc
645 2277 760 2338 misero
774 2273 852 2338 mibi
868 2270 993 2336 demum

105 2370 258 2440 Exsilium
275 2375 395 2455 infelix,
410 2398 490 2440 nunc
506 2374 569 2440 alte
584 2375 695 2442 vulnus
707 2374 869 2440 adactum!
1084 2375 1146 2434 850

106 2471 188 2540 idem
203 2499 275 2563 ego,
290 2489 373 2558 nate,
387 2491 472 2542 tuum
487 2473 644 2542 maculavi
659 2477 789 2541 crimine
803 2497 926 2554 nomen,

106 2575 212 2642 Pulsus
228 2580 274 2644 ob
290 2579 439 2644 invidiam
453 2579 532 2644 solio
546 2580 741 2664 sceptrisque
755 2579 907 2664 paternis.

103 2675 290 2744 Debueram
304 2683 414 2766 patria
429 2703 539 2768 poenas
553 2679 697 2765 odiisque
712 2697 870 2744 meorum:
890 2721 894 2729 -

104 2778 218 2846 Omnes
233 2804 296 2869 per
311 2796 426 2848 mortes
441 2785 576 2850 animam
592 2796 711 2848 sontem
727 2783 793 2869 ipse
808 2779 977 2846 dedissem.

102 2880 190 2948 Nunc
207 2889 308 2963 vivo余
329 2907 431 2972 neque
446 2887 549 2952 adhuc
565 2885 707 2950 homines
721 2885 886 2970 lucemque
900 2882 1054 2966 relinquo.
1086 2885 1146 2944 856

103 2983 164 3049 Sed
179 2986 339 3073 linquam.
384 2988 482 3054 Simul
497 2989 558 3054 boc
572 2989 681 3054 dicens
695 2988 807 3054 attollit
820 2990 853 3052 in
867 3007 984 3074 agrum

104 3087 143 3150 Se
158 3091 287 3171 iemnr3
311 3103 350 3172 et,
366 3112 543 3176 quanquam
557 3093 604 3157 vis
620 3091 683 3156 alto
697 3090 826 3157 vulnere
841 3090 955 3168 tardat,

101 3189 198 3258 Haud
213 3192 373 3282 dejectus,
388 3215 503 3279 equum
517 3193 591 3258 duci
601 3194 702 3280 jubet.
746 3193 821 3258 Hoc
836 3193 933 3258 decus
947 3190 1004 3274 illi,

103 3291 174 3358 Hoc
190 3296 339 3361 solamen
354 3309 446 3376 erat余
467 3294 559 3360 bellis
574 3296 634 3360 hoc
648 3297 749 3361 victor
763 3296 874 3361 abibat

102 3393 273 3487 Omnibus.
320 3397 498 3484 Alloquitur
512 3410 703 3478 moerentem,
716 3411 749 3463 et
763 3397 878 3464 talibus
893 3397 977 3462 infit:
1087 3401 1149 3460 860

103 3495 241 3582 Rhoebe,
256 3501 327 3580 diu,
341 3500 434 3565 ressi
448 3519 511 3584 qua
525 3498 581 3564 diu
594 3498 779 3564 mortalibus
794 3498 860 3564 ulla
874 3512 931 3581 est,

103 3597 274 3668 Viximus:
302 3615 356 3668 aut
372 3601 465 3668 hodie
480 3601 580 3667 victor
594 3600 695 3688 spolia
710 3601 765 3666 illa
779 3614 910 3668 cruenta

102 3702 141 3768 lit
154 3721 256 3792 caput
274 3705 385 3770 AEneae
400 3706 529 3786 reseres,
542 3705 702 3789 Lausique
717 3704 860 3770 dolorum

102 3801 193 3873 Ultor
209 3807 279 3872 eris
296 3827 441 3886 mecum余
462 3820 525 3888 aut,
540 3809 641 3892 aperit
655 3809 682 3870 si
697 3805 783 3871 uuila
798 3810 882 3872 viam
896 3808 952 3889 vis,

100 3905 290 3974 Oocumbes
306 3909 445 3993 pariter:
467 3927 568 3992 neque
584 3911 677 3988 enim,
690 3907 866 3988 fortissime,
881 3909 988 3991 credo,
1089 3915 1150 3975 865

99 4009 193 4076 iussa
208 4011 323 4077 aliena
339 4012 405 4095 pati
420 4023 452 4074 et
464 4008 607 4076 dominos
621 4007 794 4096 dignabere
808 4009 961 4078 Teucros.

101 4109 215 4197 Dixit3
239 4125 275 4180 et
292 4125 445 4200 exceptus
460 4125 547 4200 tergo
561 4124 710 4180 consueta
723 4111 839 4179 locavit

472 4223 512 4280 43

1055 3078 1074 3119 q
