2928 5002
527 575 528 578 Ν
560 490 845 560 socouconuu

519 887 761 972 nondun
788 887 878 972 111.
965 898 967 910 '

402 1171 596 1236 menemus,
611 1173 793 1238 mmm,
809 1174 988 1228 PAUMON.

602 1337 789 1386 ununncrs.

206 1431 275 1498 Dro
291 1429 375 1506 mihi,
388 1425 545 1505 Damoetu,
560 1423 663 1510 cujum
680 1425 802 1511 pecus?
826 1445 864 1493 en
879 1425 1042 1497 Meh‘boei?

604 1547 778 1594 onuurns.

208 1635 413 1717 Non,veri1m
429 1634 577 1721 AEgonisr
600 1655 698 1719 nuper
713 1635 786 1700 mihi
802 1636 925 1703 tradidit
939 1637 1053 1724 AEgon.

601 1757 789 1804 unsnncns.

170 1863 173 1868 ·
206 1844 319 1912 Infelix
334 1865 353 1908 o
370 1863 502 1926 semper,
519 1860 604 1920 oves,
621 1845 737 1924 pecus!
761 1844 828 1928 ipse
844 1844 989 1912 Neaerem
1067 1836 1070 1844 ¹

207 1950 293 2014 Dum
309 1947 402 2023 fovet,
419 1967 466 2023 ao,
482 1965 522 2009 ne
537 1965 588 2008 me
605 1945 660 2008 sibi
676 1946 818 2030 preferat
833 1949 894 2028 illa,
910 1965 1043 2030 veretur,

207 2053 270 2120 Hic
286 2053 402 2117 alienus
416 2071 490 2115 ores
505 2062 608 2114 eustos
623 2049 669 2113 bis
684 2051 799 2136 mulget
815 2052 846 2116 in
861 2052 959 2118 hori:

206 2159 251 2224 Et
266 2179 376 2222 succus
391 2157 507 2242 pecori,
524 2167 555 2218 et
569 2153 617 2218 lso
633 2154 810 2220 subducitur
828 2161 925 2242 agnis.

608 2278 782 2322 umorue.

160 2364 337 2538 &iporciirs
351 2363 408 2427 ista
422 2362 493 2426 viris
508 2375 609 2426 tamen
625 2361 799 2447 objicienda
814 2379 980 2430 memento.

239 2473 356 2536 orimus
366 2483 398 2532 et
409 2469 459 2555 qui
474 2482 505 2532 te
518 2514 526 2530 .
539 2515 548 2531 .
562 2513 570 2529 .
582 2481 754 2534 transverse
768 2471 921 2535 tuentibus
936 2472 1038 2552 hircis,

206 2576 250 2642 Et
265 2597 337 2662 quo,
353 2575 408 2640 sed
425 2571 530 2637 faciles
545 2571 698 2657 Nympho
714 2574 820 2654 risere,
837 2576 961 2641 sacello.
978 2643 994 2666 Ι,
1078 2605 1081 2612 ,

598 2693 787 2744 nrsnsncns.
956 2667 977 2712 s

205 2781 302 2858 Turn,
317 2782 423 2856 credo,
441 2798 534 2862 quum
549 2798 600 2841 me
613 2781 767 2843 arbustum
782 2779 887 2846 videre
904 2781 1036 2846 Miconis

204 2889 308 2972 Atque
324 2883 405 2947 mulsi
419 2883 496 2943 vites
510 2880 646 2944 incidere
663 2881 741 2944 falce
757 2883 903 2949 novellas.

606 3001 778 3045 cursurus.

204 3093 270 3157 Aut
283 3086 334 3152 hic
351 3086 389 3151 ad
406 3098 525 3148 veteres
542 3081 637 3168 fagos,
655 3106 748 3168 quum
768 3086 937 3173 Daphnidis
953 3111 1058 3157 arcum

204 3193 337 3280 Fr'egisti
354 3205 385 3256 et
399 3189 557 3268 calamos3
580 3212 645 3276 que
662 3205 705 3270 tu,
721 3214 865 3277 perverse
878 3195 1033 3276 Menalca,

205 3302 258 3379 Et,
276 3321 368 3386 quunr
384 3296 483 3360 vidisti
499 3316 595 3381 puero
611 3298 732 3377 donate,
749 3300 897 3383 dolebes3

205 3406 260 3486 Et,
276 3407 300 3470 si
316 3426 376 3468 non
392 3399 494 3487 alique
508 3404 675 3482 nocuisses,
692 3420 827 3470 mortuus
843 3428 939 3472 esses.

600 3528 788 3572 ununnons.

206 3613 293 3690 Quid
310 3611 423 3676 domini
439 3608 562 3689 faciant,
579 3612 692 3675 sudent
708 3634 801 3696 quum
817 3614 888 3677 talis
903 3611 1012 3678 fures?

206 3721 279 3788 Non
295 3739 353 3803 ego
368 3732 398 3782 te
414 3717 476 3778 vidi
492 3715 652 3794 Damonis,
669 3719 813 3802 pessime,
829 3740 957 3804 cuprum

204 3824 362 3909 Excipere
372 3817 502 3900 insidiis,
520 3821 647 3886 multum
662 3823 788 3888 latrante
805 3823 969 3908 Lycisci?

206 3931 250 3996 Et
265 3949 358 4014 quum
374 3927 551 4003 clamarem,
564 3932 585 3965 “
599 3925 672 4002 Qud
688 3950 768 3992 nuno
784 3950 817 3992 se
834 3930 959 4014 proripit
974 3929 1049 3996 ille?
1118 3919 1123 3926 ’

204 4035 325 4121 Tityre,
341 4054 419 4118 coge
434 4055 531 4120 pecus
541 4033 572 4116 ;”
594 4047 626 4098 tu
641 4048 711 4120 post
725 4048 848 4100 conecto
862 4033 990 4100 latebas.
