2928 5002
617 401 734 462 LIBER
754 404 776 461 l.

207 553 363 640 Remigiis
374 551 509 636 subigit3
533 555 557 617 si
572 551 698 620 brachie
713 555 790 622 sortis
808 557 934 636 remisit,

210 665 313 748 Atque
330 661 416 726 illum
433 661 463 724 in
481 681 619 746 preceps
635 683 731 747 prono
746 665 825 748 repit
840 664 945 728 alveus
960 665 1053 728 amni.

254 767 413 830 Preterea
430 779 493 829 tarn
510 778 581 829 suut
596 767 720 831 Arcturi
736 769 836 833 sidere
851 767 949 846 nobis,

206 852 439 956 Hedorumque
457 869 526 934 dies
541 871 694 948 servandi,
712 887 743 936 et
753 871 873 937 lucidus
887 873 1017 958 Anguis,
1187 875 1253 936 205

211 975 317 1050 Qu‘em
335 977 444 1062 qulbus
460 977 489 1040 in
508 978 635 1062 petriam
652 991 780 1042 ventosa
795 999 851 1063 per
868 1000 989 1064 equora
1004 975 1099 1044 vectis

210 1077 332 1145 Pontus
348 1095 380 1144 ct
394 1080 524 1146 ostriferi
542 1081 648 1146 fauces
663 1095 818 1147 tentantur
833 1085 949 1166 Abydi.

260 1184 355 1248 Libra
371 1186 419 1249 die
436 1187 595 1270 somnique
611 1206 702 1269 pares
719 1187 770 1250 ubi
786 1185 895 1252 lecerit
909 1189 1013 1266 horas,

214 1287 261 1354 Et
278 1290 411 1356 medium
428 1291 489 1357 luci
506 1306 596 1378 atque
614 1291 729 1356 umbris
739 1293 806 1379 jam
823 1293 930 1358 dividit
945 1293 1063 1370 orbern,

216 1395 385 1475 Exercete,
400 1397 467 1474 viri,
483 1409 596 1473 tauros,
613 1397 705 1460 serite
722 1398 839 1462 bordes
855 1399 984 1483 campis,
1192 1399 1260 1459 210

216 1497 324 1585 Usque
340 1500 397 1564 sub
413 1515 588 1565 extremum
604 1502 718 1566 brume
735 1503 932 1567 intrectabilis
947 1501 1097 1582 imbrem;

212 1605 285 1670 Nec
301 1628 361 1670 non
378 1620 409 1669 et
425 1605 476 1670 lini
493 1621 631 1691 segetem
648 1622 679 1670 et
694 1606 829 1671 Cereale
845 1627 981 1692 papaver

211 1708 356 1795 Tempus
369 1711 467 1775 humo
482 1725 599 1795 tegere,
616 1726 647 1776 et
657 1712 844 1798 jamdudum
845 1713 1049 1807 jncumbere,
1055 1713 1169 1791 restris,

209 1817 300 1882 Dum
315 1815 402 1882 sicet
416 1818 526 1882 tellure
542 1820 627 1896 licet,
642 1821 716 1883 dum
732 1819 836 1884 nubila
850 1806 998 1904 pendent.

256 1920 342 1987 Vere
358 1923 437 1988 labis
453 1925 553 1988 serio:
575 1939 643 2009 tum!
656 1939 685 1989 te
703 1946 837 2011 quoque,
854 1926 987 2006 medice,
1004 1939 1108 2010 putres
1189 1927 1254 1987 215

214 2029 382 2113 Accipiunt
398 2031 487 2107 sulci,
504 2044 536 2093 et
551 2031 633 2094 milio
650 2031 732 2094 venit
747 2053 847 2096 annua
862 2052 947 2106 cura,

214 2133 377 2198 Candidus
393 2134 507 2198 auratis
523 2135 620 2220 aperit
636 2157 729 2221 quum
745 2136 889 2200 cornibus
904 2155 1019 2199 anuum

215 2239 350 2318 Taurus,
365 2257 397 2305 et
413 2253 520 2305 arers'o
532 2242 648 2306 cedens
666 2239 762 2306 Canis
777 2242 892 2305 occidit
906 2255 998 2304 estro.

257 2349 301 2410 At
317 2349 342 2409 si
358 2349 509 2411 triticeam
526 2349 555 2410 in
571 2368 705 2411 messem
721 2348 906 2432 robustaque
922 2346 1004 2410 ferre

215 2449 391 2517 Exercebis
406 2453 545 2528 humum,
563 2452 697 2536 solisque
713 2453 838 2514 instabis
854 2451 973 2528 aristis3
1194 2451 1260 2509 220

217 2558 300 2622 Ante
316 2559 369 2622 tibi
386 2558 460 2622 Boe
477 2557 652 2622 Atlantides
668 2557 907 2632 abscondantur,

216 2664 395 2750 Gnosiaque
408 2666 545 2730 ardentis
560 2663 695 2727 decedat
710 2661 797 2726 stella
813 2661 957 2738 Corone,

214 2771 330 2836 Debita
347 2769 440 2857 quem
456 2769 551 2834 sulcis
563 2769 737 2834 committas
752 2767 880 2844 semina,
897 2764 1051 2851 ququue

214 2875 318 2940 luvite
336 2895 486 2960 properes
502 2875 571 2939 enni
588 2895 675 2959 spem
692 2873 821 2937 credere
836 2885 936 2936 terre.

213 2979 305 3046 Multi
320 2995 392 3045 ente
404 3001 551 3045 occasum
567 2978 657 3044 Maiae
674 2977 822 3063 crepitet
845 2979 901 3044 sed
915 2977 984 3042 illos
1192 2978 1257 3038 225

215 3085 396 3172 Expectata
413 3107 506 3171 seges
521 3087 606 3150 vanis
617 3085 707 3149 elusit
723 3085 831 3149 aristis.

262 3194 295 3258 Si
312 3192 388 3258 verb
405 3193 577 3278 viciamque
594 3213 678 3256 seres
693 3191 848 3272 vilemque
865 3185 1005 3266 faselum,

216 3295 290 3362 Nec
305 3299 479 3363 Pelusiace
496 3319 601 3362 curam
619 3295 823 3381 aspernabere
839 3293 951 3370 lentis3

216 3400 313 3468 Haud
329 3403 465 3467 obscure
481 3403 597 3466 cadens
611 3403 709 3466 mittet
723 3401 777 3464 tibi
792 3400 877 3482 signa
888 3393 1025 3460 Bootes:

216 3505 337 3595 Incipe,
353 3523 386 3573 et
402 3509 441 3573 sd
459 3509 576 3573 medies
591 3521 762 3571 sementem
779 3502 916 3569 extende
932 3503 1065 3587 pruinas.
1194 3503 1260 3566 230

264 3613 388 3679 Idcirco
403 3615 496 3678 certis
512 3615 684 3678 dimensum
701 3611 836 3698 pertibus
851 3609 958 3673 orbem

217 3718 284 3784 Per
299 3719 446 3783 duodena
461 3719 540 3802 regit
555 3719 661 3783 mnndi
677 3718 720 3782 sol
737 3737 849 3780 aureus
865 3727 957 3778 astra.

218 3825 366 3910 Quinque
382 3839 489 3889 terrent
503 3825 617 3889 coelurn
635 3843 741 3903 none3
765 3842 893 3908 quarum
910 3839 970 3882 une
985 3837 1115 3882 corusco

218 3929 353 4015 Semper
369 3931 436 3995 sole
453 3931 567 3995 rubeus
581 3942 614 3994 et
628 3930 742 3994 torrida
759 3947 882 4011 semper
898 3924 936 3989 ab
952 3923 1012 4007 igni
1027 3945 1036 3984 ε

214 4035 324 4112 Quam
339 4039 459 4102 circum
475 4051 621 4101 extreme
637 4033 750 4100 dextri
764 4031 900 4118 levique
915 4031 1073 4096 trahuntur
1196 4031 1263 4090 285

217 4141 367 4209 Cerulei
383 4143 482 4228 glacie
495 4157 647 4208 concrete
664 4157 756 4226 utque
772 4139 921 4204 imbribus
937 4136 1028 4202 stris:

541 4252 561 4310 6
