<?xml version="1.0" encoding="UTF-8"?>
<!DOCTYPE html PUBLIC "-//W3C//DTD XHTML 1.0 Transitional//EN"
    "http://www.w3.org/TR/xhtml1/DTD/xhtml1-transitional.dtd">
<html xmlns="http://www.w3.org/1999/xhtml" xml:lang="en" lang="en">
 <head>
  <title>
</title>
<meta http-equiv="Content-Type" content="text/html;charset=utf-8" />
  <meta name='ocr-system' content='tesseract 3.04.00' />
  <meta name='ocr-capabilities' content='ocr_page ocr_carea ocr_par ocr_line ocrx_word'/>
</head>
<body>
  <div class='ocr_page' id='page_1' title='image "./bucolicageorgic00goulgoog/bucolicageorgic00goulgoog_0243.png"; bbox 0 0 2648 5288; ppageno 0'>
   <div class='ocr_carea' id='block_1_1' title="bbox 531 795 717 857">
    <p class='ocr_par' dir='ltr' id='par_1_1' title="bbox 531 795 717 857">
     <span class='ocr_line' id='line_1_1' title="bbox 531 795 717 857; baseline -0.005 -1"><span class='ocrx_word' id='word_1_1' title='bbox 531 795 648 857; x_wconf 83' lang='lat' dir='ltr'>LIBER</span> <span class='ocrx_word' id='word_1_2' title='bbox 667 795 717 855; x_wconf 87' lang='lat' dir='ltr'>vt.</span> 
     </span>
    </p>
   </div>
   <div class='ocr_carea' id='block_1_2' title="bbox 96 956 1173 4566">
    <p class='ocr_par' dir='ltr' id='par_1_2' title="bbox 96 956 1173 4566">
     <span class='ocr_line' id='line_1_2' title="bbox 96 956 973 1046; baseline 0.005 -25"><span class='ocrx_word' id='word_1_3' title='bbox 96 956 288 1045; x_wconf 77' lang='lat' dir='ltr'>Ingentem</span> <span class='ocrx_word' id='word_1_4' title='bbox 300 956 439 1025; x_wconf 79' lang='lat' dir='ltr'>AEncan.</span> <span class='ocrx_word' id='word_1_5' title='bbox 482 956 610 1022; x_wconf 80' lang='lat' dir='ltr'>Gemuit</span> <span class='ocrx_word' id='word_1_6' title='bbox 624 956 684 1023; x_wconf 88' lang='lat' dir='ltr'>sub</span> <span class='ocrx_word' id='word_1_7' title='bbox 698 957 839 1044; x_wconf 88' lang='lat' dir='ltr'>pondere</span> <span class='ocrx_word' id='word_1_8' title='bbox 853 960 973 1046; x_wconf 76' lang='lat' dir='ltr'>cymba</span> 
     </span>
     <span class='ocr_line' id='line_1_3' title="bbox 98 1060 875 1147; baseline 0.006 -24"><span class='ocrx_word' id='word_1_9' title='bbox 98 1060 246 1145; x_wconf 80' lang='lat' dir='ltr'>Sutilis,</span> <span class='ocrx_word' id='word_1_10' title='bbox 259 1076 290 1129; x_wconf 89' lang='lat' dir='ltr'>et</span> <span class='ocrx_word' id='word_1_11' title='bbox 303 1061 432 1129; x_wconf 80' lang='lat' dir='ltr'>multam</span> <span class='ocrx_word' id='word_1_12' title='bbox 447 1061 571 1147; x_wconf 78' lang='lat' dir='ltr'>occepit</span> <span class='ocrx_word' id='word_1_13' title='bbox 584 1064 702 1126; x_wconf 88' lang='lat' dir='ltr'>rimosa</span> <span class='ocrx_word' id='word_1_14' title='bbox 717 1061 875 1147; x_wconf 82' lang='lat' dir='ltr'><strong>paludem.</strong></span> 
     </span>
     <span class='ocr_line' id='line_1_4' title="bbox 98 1160 1171 1254; baseline 0.009 -29"><span class='ocrx_word' id='word_1_15' title='bbox 98 1160 273 1233; x_wconf 78' lang='lat' dir='ltr'><strong>Tandem</strong></span> <span class='ocrx_word' id='word_1_16' title='bbox 284 1182 371 1233; x_wconf 78' lang='lat' dir='ltr'>unns</span> <span class='ocrx_word' id='word_1_17' title='bbox 382 1166 509 1230; x_wconf 86' lang='lat' dir='ltr'>fluvium</span> <span class='ocrx_word' id='word_1_18' title='bbox 520 1164 690 1231; x_wconf 88' lang='lat' dir='ltr'>incolumes</span> <span class='ocrx_word' id='word_1_19' title='bbox 700 1180 867 1253; x_wconf 87' lang='lat' dir='ltr'>vatemque</span> <span class='ocrx_word' id='word_1_20' title='bbox 878 1172 1043 1254; x_wconf 84' lang='lat' dir='ltr'>virumque</span> <span class='ocrx_word' id='word_1_21' title='bbox 1109 1178 1171 1235; x_wconf 77' lang='lat'>415</span> 
     </span>
     <span class='ocr_line' id='line_1_5' title="bbox 103 1264 823 1359; baseline 0.007 -31"><span class='ocrx_word' id='word_1_22' title='bbox 103 1264 257 1337; x_wconf 77' lang='lat' dir='ltr'>insumi</span> <span class='ocrx_word' id='word_1_23' title='bbox 271 1271 345 1337; x_wconf 93' lang='lat' dir='ltr'>limo</span> <span class='ocrx_word' id='word_1_24' title='bbox 357 1269 533 1359; x_wconf 75' lang='lat' dir='ltr'>gleucique</span> <span class='ocrx_word' id='word_1_25' title='bbox 548 1273 677 1355; x_wconf 85' lang='lat' dir='ltr'>exponit</span> <span class='ocrx_word' id='word_1_26' title='bbox 691 1274 725 1334; x_wconf 94' lang='lat' dir='ltr'>in</span> <span class='ocrx_word' id='word_1_27' title='bbox 738 1270 823 1334; x_wconf 77' lang='lat' dir='ltr'>ulvi.</span> 
     </span>
     <span class='ocr_line' id='line_1_6' title="bbox 104 1366 873 1461; baseline 0.009 -30"><span class='ocrx_word' id='word_1_28' title='bbox 104 1366 288 1440; x_wconf 77' lang='lat' dir='ltr'>Cer-benis</span> <span class='ocrx_word' id='word_1_29' title='bbox 302 1373 371 1439; x_wconf 80' lang='lat' dir='ltr'>haec</span> <span class='ocrx_word' id='word_1_30' title='bbox 385 1374 494 1459; x_wconf 81' lang='lat' dir='ltr'>ingens</span> <span class='ocrx_word' id='word_1_31' title='bbox 508 1373 622 1439; x_wconf 83' lang='lat' dir='ltr'>latratu</span> <span class='ocrx_word' id='word_1_32' title='bbox 636 1396 736 1461; x_wconf 83' lang='lat' dir='ltr'>regna</span> <span class='ocrx_word' id='word_1_33' title='bbox 749 1376 873 1439; x_wconf 80' lang='lat' dir='ltr'><strong>trifauci</strong></span> 
     </span>
     <span class='ocr_line' id='line_1_7' title="bbox 106 1470 930 1557; baseline -0.001 -14"><span class='ocrx_word' id='word_1_34' title='bbox 106 1470 291 1557; x_wconf 79' lang='lat' dir='ltr'><strong>Personat,</strong></span> <span class='ocrx_word' id='word_1_35' title='bbox 304 1477 439 1541; x_wconf 85' lang='lat' dir='ltr'>adverso</span> <span class='ocrx_word' id='word_1_36' title='bbox 453 1477 609 1541; x_wconf 80' lang='lat' dir='ltr'>recubans</span> <span class='ocrx_word' id='word_1_37' title='bbox 624 1477 767 1542; x_wconf 84' lang='lat' dir='ltr'>immanis</span> <span class='ocrx_word' id='word_1_38' title='bbox 781 1481 814 1541; x_wconf 92' lang='lat' dir='ltr'>in</span> <span class='ocrx_word' id='word_1_39' title='bbox 828 1491 930 1542; x_wconf 86' lang='lat' dir='ltr'>antro.</span> 
     </span>
     <span class='ocr_line' id='line_1_8' title="bbox 107 1572 917 1668; baseline 0 -23"><span class='ocrx_word' id='word_1_40' title='bbox 107 1572 201 1645; x_wconf 74' lang='lat' dir='ltr'>cui</span> <span class='ocrx_word' id='word_1_41' title='bbox 212 1596 302 1659; x_wconf 79' lang='lat' dir='ltr'>vetes,</span> <span class='ocrx_word' id='word_1_42' title='bbox 317 1581 449 1646; x_wconf 84' lang='lat' dir='ltr'>horrere</span> <span class='ocrx_word' id='word_1_43' title='bbox 461 1579 572 1645; x_wconf 86' lang='lat' dir='ltr'>videns</span> <span class='ocrx_word' id='word_1_44' title='bbox 586 1582 655 1668; x_wconf 84' lang='lat' dir='ltr'>jam</span> <span class='ocrx_word' id='word_1_45' title='bbox 669 1581 751 1646; x_wconf 82' lang='lat' dir='ltr'>collo</span> <span class='ocrx_word' id='word_1_46' title='bbox 767 1581 917 1662; x_wconf 90' lang='lat' dir='ltr'>colubris,</span> 
     </span>
     <span class='ocr_line' id='line_1_9' title="bbox 107 1674 906 1771; baseline 0.011 -30"><span class='ocrx_word' id='word_1_47' title='bbox 107 1674 230 1748; x_wconf 70' lang='lat' dir='ltr'>Helle</span> <span class='ocrx_word' id='word_1_48' title='bbox 242 1698 419 1771; x_wconf 79' lang='lat' dir='ltr'><strong>soporatam</strong></span> <span class='ocrx_word' id='word_1_49' title='bbox 435 1696 466 1747; x_wconf 91' lang='lat' dir='ltr'>et</span> <span class='ocrx_word' id='word_1_50' title='bbox 480 1684 643 1749; x_wconf 85' lang='lat' dir='ltr'>medicatis</span> <span class='ocrx_word' id='word_1_51' title='bbox 658 1686 798 1771; x_wconf 80' lang='lat' dir='ltr'>frugibus</span> <span class='ocrx_word' id='word_1_52' title='bbox 812 1684 906 1750; x_wconf 84' lang='lat' dir='ltr'>offam</span> 
     </span>
     <span class='ocr_line' id='line_1_10' title="bbox 108 1778 958 1875; baseline 0.009 -30"><span class='ocrx_word' id='word_1_53' title='bbox 108 1778 265 1873; x_wconf 68' lang='lat' dir='ltr'>objicit:</span> <span class='ocrx_word' id='word_1_54' title='bbox 286 1788 349 1865; x_wconf 81' lang='lat' dir='ltr'>ille,</span> <span class='ocrx_word' id='word_1_55' title='bbox 364 1786 446 1851; x_wconf 82' lang='lat' dir='ltr'>same</span> <span class='ocrx_word' id='word_1_56' title='bbox 461 1786 575 1851; x_wconf 75' lang='lat' dir='ltr'>rubidi</span> <span class='ocrx_word' id='word_1_57' title='bbox 589 1790 651 1852; x_wconf 84' lang='lat' dir='ltr'>tria</span> <span class='ocrx_word' id='word_1_58' title='bbox 665 1800 789 1873; x_wconf 81' lang='lat' dir='ltr'>gutture</span> <span class='ocrx_word' id='word_1_59' title='bbox 806 1788 958 1875; x_wconf 84' lang='lat' dir='ltr'>pandens,</span> 
     </span>
     <span class='ocr_line' id='line_1_11' title="bbox 108 1880 965 1979; baseline 0.008 -28"><span class='ocrx_word' id='word_1_60' title='bbox 108 1880 270 1977; x_wconf 80' lang='lat' dir='ltr'>Corripit</span> <span class='ocrx_word' id='word_1_61' title='bbox 283 1891 450 1977; x_wconf 84' lang='lat' dir='ltr'>objectam,</span> <span class='ocrx_word' id='word_1_62' title='bbox 465 1904 560 1975; x_wconf 83' lang='lat' dir='ltr'>atque</span> <span class='ocrx_word' id='word_1_63' title='bbox 575 1891 721 1955; x_wconf 82' lang='lat' dir='ltr'>immania</span> <span class='ocrx_word' id='word_1_64' title='bbox 736 1906 824 1979; x_wconf 87' lang='lat' dir='ltr'>terga</span> <span class='ocrx_word' id='word_1_65' title='bbox 838 1894 965 1959; x_wconf 86' lang='lat' dir='ltr'>resolvit</span> 
     </span>
     <span class='ocr_line' id='line_1_12' title="bbox 108 1982 914 2079; baseline 0.007 -26"><span class='ocrx_word' id='word_1_66' title='bbox 108 1982 232 2057; x_wconf 75' lang='lat' dir='ltr'>Fusus</span> <span class='ocrx_word' id='word_1_67' title='bbox 245 1994 339 2075; x_wconf 85' lang='lat' dir='ltr'>humi,</span> <span class='ocrx_word' id='word_1_68' title='bbox 354 2006 480 2078; x_wconf 88' lang='lat' dir='ltr'>totoque</span> <span class='ocrx_word' id='word_1_69' title='bbox 495 1994 603 2079; x_wconf 87' lang='lat' dir='ltr'>ingens</span> <span class='ocrx_word' id='word_1_70' title='bbox 618 1994 798 2059; x_wconf 82' lang='lat' dir='ltr'>extenditur</span> <span class='ocrx_word' id='word_1_71' title='bbox 813 2010 914 2061; x_wconf 84' lang='lat' dir='ltr'>antro.</span> 
     </span>
     <span class='ocr_line' id='line_1_13' title="bbox 107 2088 841 2185; baseline 0.01 -28"><span class='ocrx_word' id='word_1_72' title='bbox 107 2088 273 2183; x_wconf 80' lang='lat' dir='ltr'>Occupet</span> <span class='ocrx_word' id='word_1_73' title='bbox 286 2094 406 2161; x_wconf 80' lang='lat' dir='ltr'>AEneas</span> <span class='ocrx_word' id='word_1_74' title='bbox 421 2096 550 2177; x_wconf 80' lang='lat' dir='ltr'>aditum,</span> <span class='ocrx_word' id='word_1_75' title='bbox 564 2096 695 2161; x_wconf 86' lang='lat' dir='ltr'>custode</span> <span class='ocrx_word' id='word_1_76' title='bbox 710 2098 841 2185; x_wconf 83' lang='lat' dir='ltr'>sepulto,</span> 
     </span>
     <span class='ocr_line' id='line_1_14' title="bbox 106 2190 864 2286; baseline 0.013 -29"><span class='ocrx_word' id='word_1_77' title='bbox 106 2190 305 2285; x_wconf 71' lang='lat' dir='ltr'>Evaditqne</span> <span class='ocrx_word' id='word_1_78' title='bbox 319 2199 406 2265; x_wconf 87' lang='lat' dir='ltr'>celer</span> <span class='ocrx_word' id='word_1_79' title='bbox 421 2201 522 2286; x_wconf 88' lang='lat' dir='ltr'><strong>ripam</strong></span> <span class='ocrx_word' id='word_1_80' title='bbox 537 2199 745 2266; x_wconf 83' lang='lat' dir='ltr'>irremeabilis</span> <span class='ocrx_word' id='word_1_81' title='bbox 758 2202 864 2267; x_wconf 80' lang='lat' dir='ltr'>undae.</span> 
     </span>
     <span class='ocr_line' id='line_1_15' title="bbox 168 2302 891 2393; baseline 0.006 -26"><span class='ocrx_word' id='word_1_82' title='bbox 168 2302 326 2369; x_wconf 75' lang='lat' dir='ltr'>Continuo</span> <span class='ocrx_word' id='word_1_83' title='bbox 340 2304 456 2368; x_wconf 71' lang='lat' dir='ltr'>auditae</span> <span class='ocrx_word' id='word_1_84' title='bbox 471 2326 578 2381; x_wconf 82' lang='lat' dir='ltr'>voces,</span> <span class='ocrx_word' id='word_1_85' title='bbox 592 2305 714 2391; x_wconf 80' lang='lat' dir='ltr'>rogitus</span> <span class='ocrx_word' id='word_1_86' title='bbox 728 2319 760 2369; x_wconf 87' lang='lat' dir='ltr'>et</span> <span class='ocrx_word' id='word_1_87' title='bbox 774 2306 891 2393; x_wconf 84' lang='lat' dir='ltr'>ingens,</span> 
     </span>
     <span class='ocr_line' id='line_1_16' title="bbox 107 2400 901 2495; baseline 0.011 -30"><span class='ocrx_word' id='word_1_88' title='bbox 107 2400 347 2493; x_wconf 79' lang='lat' dir='ltr'>insuntquue</span> <span class='ocrx_word' id='word_1_89' title='bbox 362 2407 474 2472; x_wconf 75' lang='lat' dir='ltr'>animm</span> <span class='ocrx_word' id='word_1_90' title='bbox 489 2408 598 2473; x_wconf 85' lang='lat' dir='ltr'>flentes</span> <span class='ocrx_word' id='word_1_91' title='bbox 613 2410 645 2471; x_wconf 96' lang='lat' dir='ltr'>in</span> <span class='ocrx_word' id='word_1_92' title='bbox 661 2407 766 2473; x_wconf 90' lang='lat' dir='ltr'>limine</span> <span class='ocrx_word' id='word_1_93' title='bbox 781 2410 901 2495; x_wconf 81' lang='lat' dir='ltr'>prim03</span> 
     </span>
     <span class='ocr_line' id='line_1_17' title="bbox 107 2504 906 2598; baseline 0.005 -25"><span class='ocrx_word' id='word_1_94' title='bbox 107 2504 222 2587; x_wconf 71' lang='lat' dir='ltr'>Quos</span> <span class='ocrx_word' id='word_1_95' title='bbox 233 2510 329 2575; x_wconf 87' lang='lat' dir='ltr'>dulcis</span> <span class='ocrx_word' id='word_1_96' title='bbox 344 2511 412 2574; x_wconf 79' lang='lat' dir='ltr'>vite</span> <span class='ocrx_word' id='word_1_97' title='bbox 428 2525 569 2575; x_wconf 77' lang='lat' dir='ltr'>exsortes</span> <span class='ocrx_word' id='word_1_98' title='bbox 583 2524 615 2575; x_wconf 90' lang='lat' dir='ltr'>et</span> <span class='ocrx_word' id='word_1_99' title='bbox 629 2511 671 2576; x_wconf 90' lang='lat' dir='ltr'>ub</span> <span class='ocrx_word' id='word_1_100' title='bbox 686 2512 785 2576; x_wconf 87' lang='lat' dir='ltr'>ubere</span> <span class='ocrx_word' id='word_1_101' title='bbox 800 2525 906 2598; x_wconf 82' lang='lat' dir='ltr'>raptos</span> 
     </span>
     <span class='ocr_line' id='line_1_18' title="bbox 110 2608 880 2693; baseline 0.008 -22"><span class='ocrx_word' id='word_1_102' title='bbox 110 2608 268 2677; x_wconf 68' lang='lat' dir='ltr'>Abstulit</span> <span class='ocrx_word' id='word_1_103' title='bbox 282 2628 352 2677; x_wconf 86' lang='lat' dir='ltr'>atra</span> <span class='ocrx_word' id='word_1_104' title='bbox 366 2614 446 2693; x_wconf 81' lang='lat' dir='ltr'>dies,</span> <span class='ocrx_word' id='word_1_105' title='bbox 461 2628 491 2678; x_wconf 91' lang='lat' dir='ltr'>et</span> <span class='ocrx_word' id='word_1_106' title='bbox 507 2616 614 2679; x_wconf 84' lang='lat' dir='ltr'>sunere</span> <span class='ocrx_word' id='word_1_107' title='bbox 629 2616 736 2680; x_wconf 87' lang='lat' dir='ltr'>mersit</span> <span class='ocrx_word' id='word_1_108' title='bbox 751 2616 880 2681; x_wconf 85' lang='lat' dir='ltr'>acerbo.</span> 
     </span>
     <span class='ocr_line' id='line_1_19' title="bbox 109 2708 831 2801; baseline 0.014 -28"><span class='ocrx_word' id='word_1_109' title='bbox 109 2708 212 2777; x_wconf 80' lang='lat' dir='ltr'>Hos</span> <span class='ocrx_word' id='word_1_110' title='bbox 219 2716 300 2801; x_wconf 84' lang='lat' dir='ltr'>juxta</span> <span class='ocrx_word' id='word_1_111' title='bbox 315 2716 396 2781; x_wconf 80' lang='lat' dir='ltr'>salso</span> <span class='ocrx_word' id='word_1_112' title='bbox 409 2716 549 2782; x_wconf 83' lang='lat' dir='ltr'>damnati</span> <span class='ocrx_word' id='word_1_113' title='bbox 565 2718 697 2782; x_wconf 87' lang='lat' dir='ltr'>crimine</span> <span class='ocrx_word' id='word_1_114' title='bbox 711 2720 831 2783; x_wconf 87' lang='lat' dir='ltr'>mortis.</span> 
     </span>
     <span class='ocr_line' id='line_1_20' title="bbox 113 2810 968 2908; baseline 0.009 -28"><span class='ocrx_word' id='word_1_115' title='bbox 113 2810 209 2881; x_wconf 72' lang='lat' dir='ltr'>Nee</span> <span class='ocrx_word' id='word_1_116' title='bbox 220 2818 287 2883; x_wconf 80' lang='lat' dir='ltr'>verri</span> <span class='ocrx_word' id='word_1_117' title='bbox 301 2821 348 2884; x_wconf 79' lang='lat' dir='ltr'>hae</span> <span class='ocrx_word' id='word_1_118' title='bbox 362 2821 430 2885; x_wconf 85' lang='lat' dir='ltr'>sine</span> <span class='ocrx_word' id='word_1_119' title='bbox 446 2836 532 2886; x_wconf 86' lang='lat' dir='ltr'>sorte</span> <span class='ocrx_word' id='word_1_120' title='bbox 546 2821 639 2901; x_wconf 80' lang='lat' dir='ltr'>datm,</span> <span class='ocrx_word' id='word_1_121' title='bbox 654 2821 720 2885; x_wconf 91' lang='lat' dir='ltr'>sine</span> <span class='ocrx_word' id='word_1_122' title='bbox 732 2821 851 2908; x_wconf 85' lang='lat' dir='ltr'>judice,</span> <span class='ocrx_word' id='word_1_123' title='bbox 866 2822 968 2888; x_wconf 87' lang='lat' dir='ltr'>sedes.</span> 
     </span>
     <span class='ocr_line' id='line_1_21' title="bbox 117 2914 895 2997; baseline 0.003 -8"><span class='ocrx_word' id='word_1_124' title='bbox 117 2914 283 2997; x_wconf 69' lang='lat' dir='ltr'>Quaesitor</span> <span class='ocrx_word' id='word_1_125' title='bbox 296 2928 399 2992; x_wconf 86' lang='lat' dir='ltr'>Minos</span> <span class='ocrx_word' id='word_1_126' title='bbox 413 2947 524 2991; x_wconf 86' lang='lat' dir='ltr'>urnam</span> <span class='ocrx_word' id='word_1_127' title='bbox 538 2937 659 2989; x_wconf 84' lang='lat' dir='ltr'>movet:</span> <span class='ocrx_word' id='word_1_128' title='bbox 683 2923 735 2987; x_wconf 92' lang='lat' dir='ltr'>ille</span> <span class='ocrx_word' id='word_1_129' title='bbox 751 2925 895 2991; x_wconf 81' lang='lat' dir='ltr'>silentum</span> 
     </span>
     <span class='ocr_line' id='line_1_22' title="bbox 124 3014 958 3117; baseline 0.006 -27"><span class='ocrx_word' id='word_1_130' title='bbox 124 3014 367 3117; x_wconf 78' lang='lat' dir='ltr'>Consiliumque</span> <span class='ocrx_word' id='word_1_131' title='bbox 383 3043 486 3109; x_wconf 83' lang='lat' dir='ltr'>vocat,</span> <span class='ocrx_word' id='word_1_132' title='bbox 500 3033 644 3114; x_wconf 82' lang='lat' dir='ltr'>vitasque</span> <span class='ocrx_word' id='word_1_133' title='bbox 660 3043 691 3092; x_wconf 91' lang='lat' dir='ltr'>et</span> <span class='ocrx_word' id='word_1_134' title='bbox 705 3029 836 3094; x_wconf 89' lang='lat' dir='ltr'>crimina</span> <span class='ocrx_word' id='word_1_135' title='bbox 853 3030 958 3095; x_wconf 86' lang='lat' dir='ltr'>discit.</span> 
     </span>
     <span class='ocr_line' id='line_1_23' title="bbox 130 3114 991 3216; baseline 0.009 -25"><span class='ocrx_word' id='word_1_136' title='bbox 130 3114 278 3197; x_wconf 79' lang='lat' dir='ltr'>Proxima</span> <span class='ocrx_word' id='word_1_137' title='bbox 291 3132 406 3199; x_wconf 88' lang='lat' dir='ltr'>deinde</span> <span class='ocrx_word' id='word_1_138' title='bbox 422 3145 526 3196; x_wconf 88' lang='lat' dir='ltr'>tenent</span> <span class='ocrx_word' id='word_1_139' title='bbox 540 3132 642 3195; x_wconf 90' lang='lat' dir='ltr'>moesti</span> <span class='ocrx_word' id='word_1_140' title='bbox 657 3131 736 3210; x_wconf 83' lang='lat' dir='ltr'>loca,</span> <span class='ocrx_word' id='word_1_141' title='bbox 751 3133 804 3216; x_wconf 92' lang='lat' dir='ltr'>qni</span> <span class='ocrx_word' id='word_1_142' title='bbox 819 3134 881 3198; x_wconf 91' lang='lat' dir='ltr'>sibi</span> <span class='ocrx_word' id='word_1_143' title='bbox 897 3134 991 3200; x_wconf 87' lang='lat' dir='ltr'>letum</span> 
     </span>
     <span class='ocr_line' id='line_1_24' title="bbox 135 3216 854 3323; baseline 0.01 -30"><span class='ocrx_word' id='word_1_144' title='bbox 135 3216 271 3299; x_wconf 62' lang='lat' dir='ltr'>insontes</span> <span class='ocrx_word' id='word_1_145' title='bbox 283 3234 436 3323; x_wconf 67' lang='lat' dir='ltr'>peperere</span> <span class='ocrx_word' id='word_1_146' title='bbox 450 3257 554 3313; x_wconf 83' lang='lat' dir='ltr'>manu,</span> <span class='ocrx_word' id='word_1_147' title='bbox 569 3233 733 3319; x_wconf 88' lang='lat' dir='ltr'>lucemque</span> <span class='ocrx_word' id='word_1_148' title='bbox 748 3239 854 3320; x_wconf 89' lang='lat' dir='ltr'>perosi</span> 
     </span>
     <span class='ocr_line' id='line_1_25' title="bbox 146 3316 979 3420; baseline 0.007 -20"><span class='ocrx_word' id='word_1_149' title='bbox 146 3316 297 3419; x_wconf 75' lang='lat' dir='ltr'>Projntre</span> <span class='ocrx_word' id='word_1_150' title='bbox 312 3341 442 3404; x_wconf 85' lang='lat' dir='ltr'>animas.</span> <span class='ocrx_word' id='word_1_151' title='bbox 486 3335 590 3420; x_wconf 75' lang='lat' dir='ltr'>Qubm</span> <span class='ocrx_word' id='word_1_152' title='bbox 604 3336 721 3401; x_wconf 88' lang='lat' dir='ltr'>vellent</span> <span class='ocrx_word' id='word_1_153' title='bbox 735 3338 854 3403; x_wconf 83' lang='lat' dir='ltr'>aethere</span> <span class='ocrx_word' id='word_1_154' title='bbox 868 3342 900 3403; x_wconf 88' lang='lat' dir='ltr'>in</span> <span class='ocrx_word' id='word_1_155' title='bbox 915 3340 979 3405; x_wconf 80' lang='lat' dir='ltr'>alto</span> 
     </span>
     <span class='ocr_line' id='line_1_26' title="bbox 155 3420 937 3529; baseline 0.008 -28"><span class='ocrx_word' id='word_1_156' title='bbox 155 3420 231 3501; x_wconf 68' lang='lat' dir='ltr'>Runc</span> <span class='ocrx_word' id='word_1_157' title='bbox 241 3456 268 3505; x_wconf 90' lang='lat' dir='ltr'>et</span> <span class='ocrx_word' id='word_1_158' title='bbox 281 3442 464 3529; x_wconf 87' lang='lat' dir='ltr'>pauperiem</span> <span class='ocrx_word' id='word_1_159' title='bbox 478 3454 510 3504; x_wconf 88' lang='lat' dir='ltr'>et</span> <span class='ocrx_word' id='word_1_160' title='bbox 523 3440 620 3505; x_wconf 89' lang='lat' dir='ltr'>duros</span> <span class='ocrx_word' id='word_1_161' title='bbox 633 3440 775 3526; x_wconf 83' lang='lat' dir='ltr'>perferre</span> <span class='ocrx_word' id='word_1_162' title='bbox 791 3441 937 3507; x_wconf 77' lang='lat' dir='ltr'>labores!</span> 
     </span>
     <span class='ocr_line' id='line_1_27' title="bbox 161 3522 874 3629; baseline 0.008 -27"><span class='ocrx_word' id='word_1_163' title='bbox 161 3522 210 3599; x_wconf 64' lang='lat' dir='ltr'>Fas</span> <span class='ocrx_word' id='word_1_164' title='bbox 219 3542 318 3626; x_wconf 80' lang='lat' dir='ltr'>obstat,</span> <span class='ocrx_word' id='word_1_165' title='bbox 332 3548 477 3629; x_wconf 88' lang='lat' dir='ltr'>tristique</span> <span class='ocrx_word' id='word_1_166' title='bbox 491 3542 583 3629; x_wconf 83' lang='lat' dir='ltr'>palus</span> <span class='ocrx_word' id='word_1_167' title='bbox 597 3543 775 3607; x_wconf 82' lang='lat' dir='ltr'>inamabilis</span> <span class='ocrx_word' id='word_1_168' title='bbox 789 3544 874 3608; x_wconf 80' lang='lat' dir='ltr'>undt</span> 
     </span>
     <span class='ocr_line' id='line_1_28' title="bbox 166 3632 877 3734; baseline -0.008 -20"><span class='ocrx_word' id='word_1_169' title='bbox 166 3632 258 3729; x_wconf 51' lang='lat' dir='ltr'>illiget,</span> <span class='ocrx_word' id='word_1_170' title='bbox 270 3664 301 3713; x_wconf 86' lang='lat' dir='ltr'>et</span> <span class='ocrx_word' id='word_1_171' title='bbox 314 3653 424 3714; x_wconf 86' lang='lat' dir='ltr'>novies</span> <span class='ocrx_word' id='word_1_172' title='bbox 438 3651 519 3734; x_wconf 82' lang='lat' dir='ltr'>Styx</span> <span class='ocrx_word' id='word_1_173' title='bbox 535 3648 685 3712; x_wconf 82' lang='lat' dir='ltr'>interfusa</span> <span class='ocrx_word' id='word_1_174' title='bbox 698 3648 877 3712; x_wconf 46' lang='lat' dir='ltr'>coercete!</span> 
     </span>
     <span class='ocr_line' id='line_1_29' title="bbox 166 3728 1173 3837; baseline 0.009 -23"><span class='ocrx_word' id='word_1_175' title='bbox 166 3728 214 3805; x_wconf 60' lang='lat' dir='ltr'>det</span> <span class='ocrx_word' id='word_1_176' title='bbox 223 3750 323 3832; x_wconf 84' lang='lat' dir='ltr'>procul</span> <span class='ocrx_word' id='word_1_177' title='bbox 339 3751 413 3816; x_wconf 89' lang='lat' dir='ltr'>binc</span> <span class='ocrx_word' id='word_1_178' title='bbox 426 3762 551 3837; x_wconf 84' lang='lat' dir='ltr'>partem</span> <span class='ocrx_word' id='word_1_179' title='bbox 564 3750 624 3814; x_wconf 84' lang='lat' dir='ltr'>lusi</span> <span class='ocrx_word' id='word_1_180' title='bbox 640 3763 849 3815; x_wconf 88' lang='lat' dir='ltr'>monstrantur</span> <span class='ocrx_word' id='word_1_181' title='bbox 864 3752 894 3815; x_wconf 91' lang='lat' dir='ltr'>in</span> <span class='ocrx_word' id='word_1_182' title='bbox 909 3774 1032 3823; x_wconf 83' lang='lat' dir='ltr'>omnem</span> <span class='ocrx_word' id='word_1_183' title='bbox 1109 3764 1173 3823; x_wconf 79' lang='lat' dir='ltr'>tto</span> 
     </span>
     <span class='ocr_line' id='line_1_30' title="bbox 165 3834 849 3941; baseline -0.001 -22"><span class='ocrx_word' id='word_1_184' title='bbox 165 3834 284 3933; x_wconf 57' lang='lat' dir='ltr'>legentes</span> <span class='ocrx_word' id='word_1_185' title='bbox 298 3856 420 3941; x_wconf 78' lang='lat' dir='ltr'>compi:</span> <span class='ocrx_word' id='word_1_186' title='bbox 443 3856 488 3921; x_wconf 87' lang='lat' dir='ltr'>sic</span> <span class='ocrx_word' id='word_1_187' title='bbox 503 3852 574 3920; x_wconf 89' lang='lat' dir='ltr'>illos</span> <span class='ocrx_word' id='word_1_188' title='bbox 588 3858 714 3919; x_wconf 88' lang='lat' dir='ltr'>nomine</span> <span class='ocrx_word' id='word_1_189' title='bbox 730 3854 849 3919; x_wconf 87' lang='lat' dir='ltr'>dicunt.</span> 
     </span>
     <span class='ocr_line' id='line_1_31' title="bbox 163 3944 875 4044; baseline -0.006 -19"><span class='ocrx_word' id='word_1_190' title='bbox 163 3944 212 4014; x_wconf 71' lang='lat' dir='ltr'>Hit</span> <span class='ocrx_word' id='word_1_191' title='bbox 222 3976 289 4043; x_wconf 86' lang='lat' dir='ltr'>quos</span> <span class='ocrx_word' id='word_1_192' title='bbox 303 3957 402 4024; x_wconf 87' lang='lat' dir='ltr'>durus</span> <span class='ocrx_word' id='word_1_193' title='bbox 417 3980 506 4025; x_wconf 82' lang='lat' dir='ltr'>umor</span> <span class='ocrx_word' id='word_1_194' title='bbox 519 3957 642 4023; x_wconf 86' lang='lat' dir='ltr'>cmdeli</span> <span class='ocrx_word' id='word_1_195' title='bbox 657 3959 732 4023; x_wconf 83' lang='lat' dir='ltr'>tabe</span> <span class='ocrx_word' id='word_1_196' title='bbox 750 3958 875 4044; x_wconf 88' lang='lat' dir='ltr'>peredit</span> 
     </span>
     <span class='ocr_line' id='line_1_32' title="bbox 157 4050 810 4149; baseline 0.006 -28"><span class='ocrx_word' id='word_1_197' title='bbox 157 4050 252 4125; x_wconf 78' lang='lat' dir='ltr'>Seueri</span> <span class='ocrx_word' id='word_1_198' title='bbox 265 4062 369 4128; x_wconf 80' lang='lat' dir='ltr'>celant</span> <span class='ocrx_word' id='word_1_199' title='bbox 382 4061 492 4143; x_wconf 85' lang='lat' dir='ltr'>celles,</span> <span class='ocrx_word' id='word_1_200' title='bbox 506 4076 538 4127; x_wconf 92' lang='lat' dir='ltr'>et</span> <span class='ocrx_word' id='word_1_201' title='bbox 552 4074 677 4149; x_wconf 84' lang='lat' dir='ltr'>myrtea</span> <span class='ocrx_word' id='word_1_202' title='bbox 691 4059 810 4126; x_wconf 83' lang='lat' dir='ltr'>circdm</span> 
     </span>
     <span class='ocr_line' id='line_1_33' title="bbox 154 4154 1085 4256; baseline 0.003 -29"><span class='ocrx_word' id='word_1_203' title='bbox 154 4154 224 4227; x_wconf 77' lang='lat' dir='ltr'>Silta</span> <span class='ocrx_word' id='word_1_204' title='bbox 235 4168 325 4254; x_wconf 77' lang='lat' dir='ltr'>tegit3</span> <span class='ocrx_word' id='word_1_205' title='bbox 349 4190 435 4233; x_wconf 78' lang='lat' dir='ltr'>curm</span> <span class='ocrx_word' id='word_1_206' title='bbox 449 4190 513 4233; x_wconf 91' lang='lat' dir='ltr'>non</span> <span class='ocrx_word' id='word_1_207' title='bbox 527 4166 598 4256; x_wconf 78' lang='lat' dir='ltr'>ipsd</span> <span class='ocrx_word' id='word_1_208' title='bbox 612 4167 643 4231; x_wconf 91' lang='lat' dir='ltr'>in</span> <span class='ocrx_word' id='word_1_209' title='bbox 658 4180 757 4230; x_wconf 88' lang='lat' dir='ltr'>morte</span> <span class='ocrx_word' id='word_1_210' title='bbox 771 4162 959 4252; x_wconf 85' lang='lat' dir='ltr'>relinquunt.</span> <span class='ocrx_word' id='word_1_211' title='bbox 1082 4194 1085 4203; x_wconf 94' lang='lat'>·</span> 
     </span>
     <span class='ocr_line' id='line_1_34' title="bbox 147 4260 1173 4358; baseline 0.005 -26"><span class='ocrx_word' id='word_1_212' title='bbox 147 4260 373 4337; x_wconf 65' lang='lat' dir='ltr'>Hirpinorum</span> <span class='ocrx_word' id='word_1_213' title='bbox 386 4272 579 4358; x_wconf 87' lang='lat' dir='ltr'>Procrinque</span> <span class='ocrx_word' id='word_1_214' title='bbox 592 4270 678 4349; x_wconf 90' lang='lat' dir='ltr'>locis,</span> <span class='ocrx_word' id='word_1_215' title='bbox 689 4282 896 4355; x_wconf 86' lang='lat' dir='ltr'>moestamque</span> <span class='ocrx_word' id='word_1_216' title='bbox 907 4270 1086 4358; x_wconf 75' lang='lat' dir='ltr'>Eriphylen</span> <span class='ocrx_word' id='word_1_217' title='bbox 1111 4280 1173 4338; x_wconf 77' lang='lat' dir='ltr'>tto</span> 
     </span>
     <span class='ocr_line' id='line_1_35' title="bbox 146 4364 876 4454; baseline 0.007 -21"><span class='ocrx_word' id='word_1_218' title='bbox 146 4364 277 4437; x_wconf 79' lang='lat' dir='ltr'>Crudelis</span> <span class='ocrx_word' id='word_1_219' title='bbox 291 4377 357 4439; x_wconf 84' lang='lat' dir='ltr'>nati</span> <span class='ocrx_word' id='word_1_220' title='bbox 372 4386 596 4441; x_wconf 81' lang='lat' dir='ltr'>monstrantem</span> <span class='ocrx_word' id='word_1_221' title='bbox 610 4372 750 4451; x_wconf 81' lang='lat' dir='ltr'>vulnera,</span> <span class='ocrx_word' id='word_1_222' title='bbox 765 4375 876 4454; x_wconf 88' lang='lat' dir='ltr'>cernit,</span> 
     </span>
     <span class='ocr_line' id='line_1_36' title="bbox 143 4468 903 4566; baseline 0.001 -25"><span class='ocrx_word' id='word_1_223' title='bbox 143 4468 356 4563; x_wconf 79' lang='lat' dir='ltr'>Erednenqne,</span> <span class='ocrx_word' id='word_1_224' title='bbox 369 4492 401 4543; x_wconf 83' lang='lat' dir='ltr'>ct</span> <span class='ocrx_word' id='word_1_225' title='bbox 415 4477 605 4566; x_wconf 81' lang='lat' dir='ltr'>Pasiphoiin.</span> <span class='ocrx_word' id='word_1_226' title='bbox 649 4477 713 4545; x_wconf 83' lang='lat' dir='ltr'>His</span> <span class='ocrx_word' id='word_1_227' title='bbox 727 4474 903 4543; x_wconf 81' lang='lat' dir='ltr'>Laodamia</span> 
     </span>
    </p>
   </div>
   <div class='ocr_carea' id='block_1_3' title="bbox 0 0 1328 5288">
    <p class='ocr_par' dir='ltr' id='par_1_3' title="bbox 0 0 1328 5288">
     <span class='ocr_line' id='line_1_37' title="bbox 0 0 1328 5288; baseline 0 0"><span class='ocrx_word' id='word_1_228' title='bbox 0 0 1328 5288; x_wconf 95' lang='lat' dir='ltr'> </span> 
     </span>
    </p>
   </div>
  </div>
 </body>
</html>
