2772 4998
213 429 272 484 290
662 419 852 481 AENEIDOS

257 577 430 665 Tyrrhidae
441 578 585 665 juvenes,
603 577 709 643 medio
722 577 787 642 dux
803 579 926 666 agmine
942 579 1068 642 Turnus

257 678 423 766 [Vertitur
438 703 527 747 arma
541 695 661 763 tenens,
676 693 706 746 et
722 694 786 746 toto
801 683 919 745 vertice
935 682 1029 767 supra
1046 696 1093 746 est
1104 683 1132 767 ε]

259 787 328 851 Ceu
343 804 463 872 septem
479 807 607 873 surgens
622 785 738 880 sedatis
752 787 897 850 amnibus
911 785 991 850 altus

262 887 323 952 Per
336 889 464 953 tacitum
478 887 615 973 Ganges,
631 901 684 952 aut
698 889 805 973 pingui
821 887 946 952 flumine
962 887 1061 965 Nilus,

260 991 364 1070 Quum
380 990 482 1054 refluit
496 991 627 1075 campis,
642 1003 672 1054 et
683 991 749 1076 jam
765 1012 799 1054 se
814 977 957 1053 condidit
972 990 1075 1054 alveo.

261 1093 328 1157 Hic
343 1092 480 1158 subitam
497 1095 586 1178 nigro
600 1091 767 1177 glomerari
782 1090 911 1176 pulvere
926 1093 1042 1156 nubem

262 1195 460 1282 Prospiciunt
474 1193 602 1276 Teucri,
617 1215 654 1258 ac
670 1193 818 1259 tenebras
833 1197 995 1280 insurgere
1011 1198 1142 1281 campis.

262 1300 384 1365 Primus
400 1299 441 1364 ab
456 1297 590 1364 adversi
604 1297 781 1363 conclamat
796 1297 879 1362 mole
895 1297 1033 1363 Caicus:

261 1401 339 1482 Quis
353 1400 475 1486 globus,
490 1422 509 1463 o
523 1403 620 1480 cives,
634 1399 770 1485 caligine
785 1399 920 1464 volvitur
935 1400 1021 1464 atra!

262 1505 356 1570 Ferte
370 1507 424 1570 citi
438 1506 566 1586 ferrum,
581 1504 655 1570 date
670 1504 744 1584 tela,
758 1503 900 1569 scandite
915 1527 1040 1582 muros;

263 1609 375 1672 Hostis
390 1608 489 1688 adest,
504 1611 574 1672 eia!
599 1609 717 1695 Ingenti
733 1607 874 1672 clamore
889 1629 947 1694 per
961 1630 1071 1672 omnes

262 1712 410 1777 Condunt
424 1735 458 1776 se
474 1711 591 1777 Teucri
606 1724 723 1798 portas,
738 1725 770 1776 et
784 1711 899 1776 moenia
912 1710 1082 1796 complent.

263 1814 408 1899 Namque
423 1818 466 1879 ita
481 1813 648 1878 discedens
661 1827 857 1901 preceperat
871 1817 1007 1900 optimus
1022 1815 1120 1878 armis

263 1913 396 1981 AEneas:
420 1915 445 1979 si
460 1937 522 2001 qua
537 1919 656 1980 interea
669 1916 794 1980 fortuna
809 1917 928 1996 suisset,

262 2017 312 2083 Ne
327 2031 447 2084 struere
462 2017 616 2084 auderent
630 2023 743 2100 aciem,
758 2042 820 2084 neu
833 2019 966 2085 credere
981 2041 1116 2105 camp03

263 2121 378 2187 Castra
393 2121 533 2187 modoet
548 2135 629 2188 tutos
643 2137 806 2188 servarent
822 2145 936 2211 aggere
951 2145 1067 2188 muros.

263 2225 358 2312 Ergo,
373 2229 432 2290 etsi
447 2226 591 2291 conferre
606 2247 732 2290 manum
745 2226 849 2312 pudor
862 2228 972 2313 iraque
988 2241 1149 2306 monstrat,

264 2328 428 2415 Objiciunt
442 2342 550 2415 portas
565 2343 680 2408 tamen,
695 2342 726 2393 et
740 2343 900 2416 praecepta
914 2332 1082 2410 iacessunt,

263 2432 448 2517 Armatique
462 2436 550 2498 cavis
566 2445 750 2518 exspectant
764 2431 902 2498 turribus
918 2433 1051 2498 hostem.

263 2537 400 2616 Turnus,
414 2549 448 2599 ut
463 2537 535 2600 ante
550 2537 659 2601 volans
675 2533 798 2601 tardum
813 2548 1021 2620 precesserat
1036 2557 1160 2622 agmen,

264 2639 385 2728 Viginti
400 2640 490 2704 lectis
506 2643 644 2725 equitum
659 2639 832 2719 comitatus,
847 2651 878 2702 et
892 2639 965 2702 urbi

264 2743 455 2829 improvisus
471 2741 583 2822 adest;
604 2742 737 2808 maculis
752 2739 846 2828 quein
860 2741 1018 2807 Thracius
1034 2742 1115 2807 albis

263 2845 373 2909 Portat
389 2867 497 2930 equus,
511 2845 670 2930 cristaque
686 2850 762 2931 tegit
777 2846 867 2932 galea
883 2866 981 2910 aurea
995 2846 1104 2910 rubrei.
1260 2850 1292 2906 50
1330 2829 1336 2848 ⁸

264 2948 382 3033 Ecquis
397 2948 456 3012 erit
470 2967 603 3028 mecum,
613 2950 769 3035 juvenes?
792 2951 845 3033 qui
861 2949 980 3035 primus
995 2949 1026 3012 in
1041 2948 1216 3015 hostem..t
1356 2928 1357 2994 i

265 3051 324 3130 En,
339 3051 399 3114 ait:
423 3063 454 3115 et
463 3048 605 3136 jaculum
621 3050 812 3137 adtorquens
828 3052 938 3116 emittit
953 3055 985 3116 in
1000 3073 1103 3133 auras,

265 3152 457 3238 Principium
471 3175 593 3240 pugnae,
607 3166 639 3218 et
652 3175 768 3239 campo
782 3175 852 3218 sese
868 3153 985 3218 arduus
1000 3155 1105 3219 insert.

265 3255 415 3321 Clamore
430 3257 593 3342 excipiunt
607 3258 696 3337 socii,
711 3258 898 3342 fremituque
913 3270 1086 3343 sequuntur

263 3359 463 3426 Horrisono:
486 3359 648 3424 Teucrum
663 3363 816 3424 mirantur
830 3361 945 3424 inertia
959 3360 1076 3440 corda3
1265 3361 1298 3418 ⁵5

265 3463 336 3528 Non
351 3478 443 3550 aeqno
458 3463 537 3530 dare
552 3487 586 3530 se
601 3487 725 3550 campo,
740 3487 801 3529 non
816 3465 911 3528 obvia
925 3465 1009 3529 serre

265 3571 364 3634 Arma
378 3570 474 3648 viros,
489 3567 546 3633 sed
561 3581 666 3634 castra
682 3569 801 3632 sovere.
846 3567 923 3631 Huc
938 3567 1080 3632 turbidus
1097 3581 1193 3654 atque
1209 3565 1264 3632 huc

265 3673 394 3738 Lustrat
408 3694 490 3757 equo
505 3694 620 3754 muros,
635 3671 816 3756 aditumque
831 3693 890 3758 per
903 3672 975 3736 avia
991 3674 1112 3756 querit.

266 3781 315 3845 Ac
330 3778 427 3845 veluti
443 3778 537 3864 pleno
552 3778 643 3864 lupus
659 3777 823 3842 insidiatus
837 3776 924 3876 ‘'iffit

264 3883 369 3965 Quum
384 3883 488 3948 fremit
503 3882 544 3947 ad
559 3882 678 3960 caulas,
692 3891 802 3946 ventos
817 3900 985 3966 perpessus
1000 3893 1032 3944 et
1047 3880 1177 3959 imbres,
1268 3879 1303 3936 60

266 3988 368 4052 Nocte
383 4007 477 4073 super
492 3985 616 4065 medifi3
637 3985 694 4048 tuti
709 3984 767 4048 sub
782 3984 936 4047 matribus
952 3982 1024 4068 agni

267 4089 412 4156 Baletum
428 4102 596 4154 exercent:
620 4085 684 4167 ilie,
699 4107 794 4172 asper
808 4099 839 4151 et
853 4085 1015 4171 improbus
1030 4085 1088 4164 ira,
