2890 5002
592 447 708 510 utana
727 451 777 514 tv.
1167 457 1223 522 17³

120 668 123 681 ,
181 606 245 674 Sed
261 612 331 692 quis
346 608 408 672 erit
421 603 556 672 modus?
577 619 630 673 aut
645 608 707 693 qud
721 629 803 674 nunc
818 609 991 676 certamina
1005 613 1116 676 tantal

181 713 264 792 Quin
279 707 381 798 potitis
395 731 508 798 pacem
524 725 669 778 eternam
684 726 855 798 pactosque
871 714 1052 800 hymenaeos

176 807 396 880 Exercemusl
417 815 519 880 habes
533 817 598 880 toti
612 815 696 900 quod
712 829 814 882 mente
828 818 951 904 petisti:
1161 827 1222 886 100

182 917 283 984 Ardet
297 939 406 983 amans
421 917 516 999 Dido,
530 917 688 1003 traxitque
702 942 761 1006 per
776 941 847 985 ossa
862 921 1007 986 furorem.

179 1017 385 1084 Communem
401 1018 483 1086 hunc
498 1041 573 1106 ergo
588 1020 736 1108 populum
751 1022 943 1108 paribusque
957 1043 1101 1111 regamus

182 1121 355 1207 Auspiciisz
379 1121 474 1188 liceat
488 1121 628 1211 Phrygio
643 1127 763 1190 servire
778 1125 901 1206 marito,

178 1221 375 1308 Dotalesque
390 1237 451 1290 tuae
466 1223 583 1312 Tyrios
597 1227 777 1311 permittere
792 1225 925 1292 dextrae.

221 1325 286 1390 Olli
300 1327 412 1409 (sensit
427 1317 509 1392 enim
524 1327 668 1393 simulata
681 1342 784 1394 mente
799 1327 943 1411 locutam,
1160 1339 1219 1400 l¹05

182 1427 250 1511 Qud
263 1451 394 1516 regnum
409 1429 508 1494 ltaliae
523 1429 667 1517 Libycas
681 1442 838 1496 averteret
852 1433 938 1514 oras)

181 1532 230 1596 Sic
244 1533 355 1597 conua
370 1546 416 1598 est
430 1535 570 1620 ingressa
585 1533 714 1600 Venus:
737 1533 815 1618 Quia
830 1532 905 1600 talia
919 1533 1048 1602 demens

181 1635 315 1715 Abnuat,
330 1647 383 1700 aut
396 1648 499 1700 tecum
513 1635 601 1702 malit
614 1637 805 1702 contendere
818 1635 928 1702 bellot

180 1739 212 1802 Si
224 1737 331 1820 modd,
346 1737 431 1822 quod
445 1761 608 1820 memoras,
623 1741 741 1806 sactum
755 1740 879 1805 fortuna
893 1751 1052 1825 sequattu.

180 1840 240 1905 Sed
255 1841 330 1905 latis
341 1841 461 1906 incerta
475 1841 561 1906 seror
574 1841 601 1906 si
614 1843 740 1928 Jupiter
753 1863 846 1908 unam
1157 1843 1217 1910 tto

180 1943 255 2010 usse
269 1944 347 2009 velit
361 1943 471 2031 Tyriis
486 1945 595 2009 urbem
611 1944 770 2033 Trojtique
784 1946 944 2033 proiectis,

181 2049 348 2114 Miscerive
362 2049 476 2134 probet
489 2047 632 2134 populos,
647 2063 700 2114 aut
715 2050 835 2115 soedera
845 2051 945 2138 jungi.

180 2149 226 2214 Tu
241 2153 377 2239 conjux3
399 2151 457 2215 tibi
472 2150 521 2214 sas
535 2153 671 2216 animum
685 2164 808 2216 tentare
822 2151 992 2236 precando.

180 2251 297 2341 Perge3
319 2266 444 2336 sequar.
489 2251 572 2318 Tum
586 2255 632 2316 sic
648 2256 776 2338 excepit
789 2254 877 2340 regia
895 2254 995 2318 Junoe

181 2355 303 2422 Mecum
318 2356 378 2422 erit
391 2360 451 2420 iste
467 2355 577 2420 labor:
600 2372 683 2420 nunc
698 2355 759 2439 qua
774 2356 894 2422 ratione
909 2355 994 2440 quod
1008 2357 1102 2424 instat
1156 2363 1229 2432 116,

179 2456 316 2525 Confieri
331 2462 440 2546 possit,
453 2461 575 2545 paucis,
591 2456 731 2539 adverte,
745 2458 881 2523 docebo.

177 2561 336 2630 Venatum
352 2563 466 2628 AEneas
481 2561 606 2649 unique
620 2563 799 2626 miserrima
813 2559 900 2626 Dido

179 2664 213 2729 ln
225 2687 335 2732 nemus
350 2669 397 2730 ire
411 2679 535 2752 parant,
549 2665 605 2729 ubi
619 2667 739 2750 primos
755 2667 913 2729 crastinus
931 2675 1018 2730 ortuo

176 2765 333 2832 Extulerit
346 2767 453 2846 Titan,
466 2766 628 2852 radiisque
643 2767 795 2831 retexerit
809 2767 931 2832 orbem.

176 2869 239 2935 His
254 2893 311 2959 ego
326 2873 501 2957 nigrantem
515 2869 685 2935 commixti
698 2869 853 2958 grandine
871 2871 1024 2953 nimbum,
1155 2881 1216 2940 120

177 2971 260 3038 Dum
274 2974 434 3061 trepidant
449 2971 518 3053 alae,
532 2970 691 3058 saltusque
706 2971 855 3061 indagine
869 2977 1007 3061 cingunt,

176 3073 321 3162 Desuper
336 3075 508 3155 infundam,
523 3088 556 3139 et
569 3077 684 3140 tonitru
700 3073 814 3140 coelum
830 3097 922 3140 omne
936 3076 1041 3142 ciebo.

175 3175 346 3264 Diffugient
360 3179 502 3255 comites,
517 3187 547 3240 et
561 3188 652 3240 nocte
667 3187 810 3262 tegentur
823 3175 945 3262 opaca:

176 3279 365 3368 Speluncam
378 3279 465 3345 Dido
480 3278 546 3343 dux
561 3291 592 3342 et
606 3278 763 3366 Trojanus
778 3277 920 3344 eamdem
1086 3360 1092 3372 ι

174 3381 364 3449 Devenient.
409 3381 537 3462 Adero3
560 3393 600 3463 et,
615 3393 669 3445 tua
682 3383 709 3445 si
724 3379 802 3445 mihi
817 3393 906 3446 certa
919 3381 1073 3467 voluntas,
1151 3397 1209 3455 125
1247 3433 1249 3438 ·

175 3485 343 3553 Connubio
353 3489 485 3575 jungam
499 3483 617 3563 stabili,
630 3486 855 3569 propriamque
869 3482 998 3550 dicabo.

173 3592 243 3656 Hic
257 3593 455 3681 Hymenaeus
470 3594 541 3655 erit.
584 3588 656 3654 Non
672 3586 839 3653 adversata
853 3591 971 3673 petenti

174 3697 300 3776 Annuit,
315 3710 412 3782 atque
426 3691 509 3760 dolis
522 3695 591 3758 risit
605 3689 770 3780 Cytherea
785 3694 930 3778 repertis.

216 3795 379 3864 Oceanum
392 3801 516 3864 interea
530 3816 659 3883 surgens
674 3797 799 3859 Aurora
813 3791 972 3880 relinquit.

171 3897 200 3964 lt
213 3902 313 3986 portis
323 3900 440 3989 jubare
455 3911 566 3964 exorto
580 3895 705 3964 delecta
715 3897 880 3983 juventus:
1150 3910 1209 3970 130

172 4001 271 4068 Retia
283 4025 367 4086 rara,
380 4003 494 4092 plage,
509 4001 574 4070 lato
586 3998 744 4068 venabula
757 4001 852 4080 ferro,

171 4103 372 4192 Massylique
386 4119 480 4174 ruunt
493 4106 625 4191 equites,
639 4115 672 4170 et
684 4101 784 4170 odora
798 4121 912 4170 canum
925 4107 984 4168 vis.
