2648 5288
574 740 732 802 ECLOGA
749 738 825 803 viil.
1198 755 1235 809 tt

207 894 427 979 verbenasque
443 891 534 958 adole
549 894 677 978 pingues
692 909 724 958 et
739 892 876 959 mascula
887 894 985 974 thum,
1192 900 1233 959 65

202 996 352 1087 Coniugis
366 1013 401 1062 ut
416 999 543 1083 magma
558 1019 648 1064 nuce
662 1012 801 1064 evenere
816 1000 912 1065 merie

205 1105 356 1191 Experiar
372 1124 502 1169 manua:
524 1104 597 1171 nihii
612 1102 661 1169 hic
675 1104 733 1168 niai
748 1106 883 1170 carmine
897 1105 1017 1171 desunt.

204 1213 316 1278 Ducite
330 1211 371 1278 ah
384 1212 459 1276 urhe
472 1210 611 1289 dunum,
627 1231 698 1275 mea
713 1212 859 1289 carmina,
874 1212 978 1277 ducite
993 1208 1149 1298 Daphnin.

245 1317 393 1381 Carmina
406 1317 457 1379 vei
470 1315 552 1381 cuein
564 1328 693 1400 peceant
706 1316 862 1380 deducere
878 1313 1021 1381 Lunam:

203 1419 397 1486 Carmimhua
411 1417 506 1485 Circe
520 1421 620 1487 aecius
635 1417 921 1505 mutevitUiyaaei3
1180 1427 1222 1485 70

203 1520 349 1608 Frigidus
360 1526 388 1587 in
405 1526 498 1609 pratia
512 1525 664 1591 cautando
673 1525 824 1609 rumpitur
837 1526 954 1610 angaria

204 1629 317 1694 Ducite
331 1632 370 1693 ab
384 1628 461 1694 urhe
477 1631 615 1709 demum,
629 1651 699 1696 mea
713 1631 859 1709 carmina,
874 1629 978 1696 ducite
993 1630 1149 1716 Daphnin.

249 1733 352 1801 Terna
366 1736 420 1801 tihi
434 1734 500 1801 hnc
515 1735 646 1821 primitm
660 1736 769 1822 uiplici
785 1737 906 1803 diverse
917 1737 1025 1801 uelum

202 1836 289 1903 Licin
304 1829 474 1918 circumdo,
487 1856 597 1925 teque
612 1840 680 1906 hec
695 1840 931 1907 undecimum

203 1939 348 2028 Effigiem
362 1945 466 2009 ducet
487 1963 616 2009 numam
631 1945 708 2009 dena
722 1946 838 2030 impare
861 1946 985 2029 gaudet.
1183 1951 1224 2008 75

203 2048 317 2113 Ducite
330 2051 369 2112 ah
384 2049 460 2115 urhe
475 2051 611 2128 domum,
624 2071 695 2114 mea
709 2053 855 2130 carmina,
871 2051 974 2116 ducite
989 2050 1144 2137 Daphnin.

246 2151 347 2217 Necte
363 2155 458 2219 tribue
471 2153 560 2219 nodie
574 2170 685 2232 ternos,
701 2155 862 2238 Auenti,
876 2154 995 2219 colores
1010 2176 1022 2234 ;

204 2256 318 2338 Necte,
331 2259 492 2343 Amaryili
508 2257 620 2323 mndhz
635 2274 676 2337 et,
691 2259 833 2337 Veneria,
849 2260 910 2338 dic,
925 2261 1045 2325 vincula
1055 2274 1156 2326 necto.

203 2362 318 2429 Ducite
332 2365 374 2428 ah
388 2366 464 2429 nahe
481 2366 617 2443 demum,
632 2386 703 2431 mea
717 2367 863 2444 carmina,
879 2367 981 2432 ducite
996 2364 1152 2453 Daphnin.

246 2468 356 2533 limus
370 2484 404 2533 ut
418 2470 468 2535 hic
483 2470 630 2548 durescit,
645 2485 676 2534 et
687 2472 752 2536 hec
768 2485 801 2535 ut
815 2491 888 2535 cera
902 2470 1043 2555 liquescit
1181 2474 1224 2532 80

203 2572 274 2639 Uno
289 2575 464 2658 eodemque
479 2576 539 2659 igni
547 2599 558 2655 ;
580 2576 623 2639 eie
638 2590 740 2640 noetio
755 2575 895 2660 Daphnis
910 2596 1025 2641 amore.

204 2678 322 2765 Sparge
336 2681 462 2758 mnium,
478 2695 511 2745 et
523 2679 646 2765 fragiles
660 2682 790 2746 incende
804 2681 950 2745 bitumine
966 2682 1085 2768 lauros:

203 2784 343 2868 Daphnis
357 2807 408 2850 me
423 2786 520 2849 melus
535 2786 616 2865 urit3
638 2806 696 2868 ego
712 2785 790 2847 hanc
806 2786 836 2846 in
851 2783 1015 2867 Daphnide
1030 2784 1161 2851 laurum..

205 2888 317 2953 Ducite
332 2891 370 2953 ab
385 2892 463 2954 urbe
477 2891 612 2968 demum,
628 2910 698 2954 mea
714 2888 859 2964 carmina,
876 2887 978 2949 ducite
993 2886 1148 2970 Daphnin.

247 2992 331 3058 Talis
346 3015 432 3059 amer
445 2993 600 3078 Daphnin,
617 2991 712 3076 qualis
728 3010 821 3075 quum
837 2987 917 3052 sessa
927 2987 1092 3073 juvencum
1183 2992 1223 3047 et

203 3100 265 3164 Per
280 3120 407 3162 nemora
422 3116 512 3183 atque
529 3098 604 3162 altus
619 3096 781 3181 querendo
792 3093 904 3156 bucula
919 3094 1005 3157 lucos

202 3205 334 3290 Propter
349 3226 434 3289 aquae
450 3205 547 3267 rivum
562 3201 648 3264 viridi
665 3198 836 3284 procumbit
850 3198 880 3261 iu
896 3193 967 3260 ulmi

204 3308 340 3387 Perdita,
356 3330 414 3374 nec
426 3328 499 3372 sere
515 3306 652 3370 meminit
664 3304 817 3369 decedere
833 3300 925 3378 nocti,

200 3413 288 3478 Talis
303 3435 388 3476 amor
404 3427 529 3489 teneat3
551 3431 608 3474 nec
619 3410 656 3473 'sit
670 3409 742 3472 mihi
758 3427 830 3470 cura
847 3405 977 3470 mederi.

203 3520 316 3585 Ducite
333 3519 372 3582 ah
387 3519 460 3581 urhe
477 3519 613 3592 domum,
628 3535 697 3577 mea
708 3511 853 3586 carmine,
869 3510 971 3573 ducite
986 3505 1141 3593 Daphnin.
1181 3511 1224 3570 90

246 3625 314 3688 Has
326 3625 397 3686 olim
413 3624 540 3686 caumas
555 3620 627 3682 mihi
642 3618 776 3703 perfidus
788 3616 838 3679 ilie
854 3616 984 3698 reliquit,

204 3730 337 3816 Pignora
348 3750 418 3793 cera
435 3731 492 3804 eui,
508 3747 573 3810 que
586 3745 664 3788 nunc
681 3744 750 3806 ego,
766 3721 868 3784 limine
884 3720 913 3782 iu
926 3720 1001 3803 ipen,

202 3835 313 3912 Terra,
325 3835 378 3900 tibi
393 3834 525 3898 mando:
548 3830 660 3894 debent
675 3829 739 3892 hec
754 3827 879 3910 pignora
894 3822 1050 3906 Daphnin.

203 3942 316 4006 Ducite
333 3940 371 4002 ab
387 3939 462 4001 urbe
477 3938 613 4012 domum,
629 3954 698 3996 mea
713 3930 858 4007 carmina,
874 3927 977 3991 ducite
993 3924 1147 4011 Daphnin.

248 4046 316 4110 Hm
330 4046 440 4109 herbas
455 4055 545 4126 atque
560 4041 624 4105 bec
641 4039 741 4103 Ponto
756 4035 829 4099 mihi
845 4034 925 4097 lecta
940 4052 1057 4095 venena
1182 4031 1224 4090 95

205 4152 274 4237 ipse
291 4149 376 4214 dedit
392 4147 520 4210 Moeria:
542 4156 704 4210 nascuntur
719 4139 847 4227 plurima
864 4135 974 4199 Ponto.

207 4257 265 4321 His
279 4277 339 4339 ego
353 4253 435 4338 sepe
450 4253 556 4336 lupum
571 4250 637 4314 fieri
653 4263 684 4312 et
699 4243 879 4311 accendere
895 4239 976 4303 silvie

207 4361 327 4437 Moeriu,
343 4356 423 4441 sep'e
440 4357 555 4421 animas
570 4354 638 4417 imis
653 4351 757 4416 excire
774 4344 932 4430 sepulcris,
