<?xml version="1.0" encoding="UTF-8"?>
<!DOCTYPE html PUBLIC "-//W3C//DTD XHTML 1.0 Transitional//EN"
    "http://www.w3.org/TR/xhtml1/DTD/xhtml1-transitional.dtd">
<html xmlns="http://www.w3.org/1999/xhtml" xml:lang="en" lang="en">
 <head>
  <title>
</title>
<meta http-equiv="Content-Type" content="text/html;charset=utf-8" />
  <meta name='ocr-system' content='tesseract 3.04.00' />
  <meta name='ocr-capabilities' content='ocr_page ocr_carea ocr_par ocr_line ocrx_word'/>
</head>
<body>
  <div class='ocr_page' id='page_1' title='image "./bucolicageorgic00goulgoog_0210.png"; bbox 0 0 2756 5010; ppageno 0'>
   <div class='ocr_carea' id='block_1_1' title="bbox 227 399 861 468">
    <p class='ocr_par' dir='ltr' id='par_1_1' title="bbox 227 399 861 468">
     <span class='ocr_line' id='line_1_1' title="bbox 227 399 861 468; baseline -0.003 -1"><span class='ocrx_word' id='word_1_1' title='bbox 227 409 283 468; x_wconf 79' lang='lat' dir='ltr'><strong>tes</strong></span> <span class='ocrx_word' id='word_1_2' title='bbox 672 399 861 467; x_wconf 66' lang='lat' dir='ltr'><strong>mannos</strong></span> 
     </span>
    </p>
   </div>
   <div class='ocr_carea' id='block_1_2' title="bbox 270 556 1306 3847">
    <p class='ocr_par' dir='ltr' id='par_1_2' title="bbox 271 556 1096 648">
     <span class='ocr_line' id='line_1_2' title="bbox 271 556 1096 648; baseline 0 -24"><span class='ocrx_word' id='word_1_3' title='bbox 271 556 415 646; x_wconf 81' lang='lat' dir='ltr'>Respicit</span> <span class='ocrx_word' id='word_1_4' title='bbox 429 563 594 628; x_wconf 81' lang='lat' dir='ltr'><strong>instantem</strong></span> <span class='ocrx_word' id='word_1_5' title='bbox 609 572 706 648; x_wconf 86' lang='lat' dir='ltr'><strong>tergo,</strong></span> <span class='ocrx_word' id='word_1_6' title='bbox 716 573 748 626; x_wconf 84' lang='lat' dir='ltr'><strong>et</strong></span> <span class='ocrx_word' id='word_1_7' title='bbox 762 561 914 647; x_wconf 84' lang='lat' dir='ltr'><strong>propiora</strong></span> <span class='ocrx_word' id='word_1_8' title='bbox 929 572 1096 626; x_wconf 88' lang='lat' dir='ltr'><strong>tenentem.</strong></span> 
     </span>
    </p>

    <p class='ocr_par' dir='ltr' id='par_1_3' title="bbox 270 663 1095 753">
     <span class='ocr_line' id='line_1_3' title="bbox 270 663 1095 753; baseline 0 -23"><span class='ocrx_word' id='word_1_9' title='bbox 270 663 327 730; x_wconf 87' lang='lat' dir='ltr'><strong>llle</strong></span> <span class='ocrx_word' id='word_1_10' title='bbox 343 666 423 730; x_wconf 88' lang='lat' dir='ltr'><strong>iuter</strong></span> <span class='ocrx_word' id='word_1_11' title='bbox 436 685 611 750; x_wconf 88' lang='lat' dir='ltr'><strong>navemque</strong></span> <span class='ocrx_word' id='word_1_12' title='bbox 624 667 708 753; x_wconf 84' lang='lat' dir='ltr'><strong>Gyte</strong></span> <span class='ocrx_word' id='word_1_13' title='bbox 723 664 931 752; x_wconf 87' lang='lat' dir='ltr'><strong>scopulosque</strong></span> <span class='ocrx_word' id='word_1_14' title='bbox 945 679 1095 732; x_wconf 84' lang='lat' dir='ltr'><strong>sonantes</strong></span> 
     </span>
    </p>

    <p class='ocr_par' dir='ltr' id='par_1_4' title="bbox 272 765 1294 957">
     <span class='ocr_line' id='line_1_4' title="bbox 273 765 1294 856; baseline -0.004 -22"><span class='ocrx_word' id='word_1_15' title='bbox 273 765 373 834; x_wconf 85' lang='lat' dir='ltr'>Radit</span> <span class='ocrx_word' id='word_1_16' title='bbox 384 773 445 836; x_wconf 90' lang='lat' dir='ltr'><strong>iter</strong></span> <span class='ocrx_word' id='word_1_17' title='bbox 459 768 572 836; x_wconf 84' lang='lat' dir='ltr'><strong>laevum</strong></span> <span class='ocrx_word' id='word_1_18' title='bbox 587 771 726 850; x_wconf 85' lang='lat' dir='ltr'><strong>interior,</strong></span> <span class='ocrx_word' id='word_1_19' title='bbox 741 769 908 854; x_wconf 75' lang='lat' dir='ltr'><strong>subitoque</strong></span> <span class='ocrx_word' id='word_1_20' title='bbox 922 770 1059 856; x_wconf 83' lang='lat' dir='ltr'>priorem</span> <span class='ocrx_word' id='word_1_21' title='bbox 1245 773 1294 831; x_wconf 78' lang='lat' dir='ltr'><strong>tre</strong></span> 
     </span>
     <span class='ocr_line' id='line_1_5' title="bbox 272 871 1042 957; baseline 0.001 -21"><span class='ocrx_word' id='word_1_22' title='bbox 272 871 425 952; x_wconf 73' lang='lat' dir='ltr'><strong>Praeterit,</strong></span> <span class='ocrx_word' id='word_1_23' title='bbox 441 886 473 937; x_wconf 92' lang='lat' dir='ltr'><strong>et</strong></span> <span class='ocrx_word' id='word_1_24' title='bbox 487 874 576 938; x_wconf 88' lang='lat' dir='ltr'><strong>metis</strong></span> <span class='ocrx_word' id='word_1_25' title='bbox 591 886 675 938; x_wconf 85' lang='lat' dir='ltr'><strong>tenet</strong></span> <span class='ocrx_word' id='word_1_26' title='bbox 690 893 816 957; x_wconf 66' lang='lat' dir='ltr'><strong>aequora</strong></span> <span class='ocrx_word' id='word_1_27' title='bbox 831 887 896 938; x_wconf 85' lang='lat' dir='ltr'><strong>tuta</strong></span> <span class='ocrx_word' id='word_1_28' title='bbox 911 873 1042 938; x_wconf 84' lang='lat' dir='ltr'><strong>relictis.</strong></span> 
     </span>
    </p>

    <p class='ocr_par' dir='ltr' id='par_1_5' title="bbox 271 969 1089 1064">
     <span class='ocr_line' id='line_1_6' title="bbox 271 969 1089 1064; baseline 0.002 -26"><span class='ocrx_word' id='word_1_29' title='bbox 271 969 353 1040; x_wconf 88' lang='lat' dir='ltr'><strong>Tum</strong></span> <span class='ocrx_word' id='word_1_30' title='bbox 367 973 444 1040; x_wconf 81' lang='lat' dir='ltr'><strong>verb</strong></span> <span class='ocrx_word' id='word_1_31' title='bbox 458 978 577 1042; x_wconf 82' lang='lat' dir='ltr'>exarsit</span> <span class='ocrx_word' id='word_1_32' title='bbox 587 976 699 1063; x_wconf 86' lang='lat' dir='ltr'><strong>juveni</strong></span> <span class='ocrx_word' id='word_1_33' title='bbox 712 975 804 1040; x_wconf 90' lang='lat' dir='ltr'><strong>dolor</strong></span> <span class='ocrx_word' id='word_1_34' title='bbox 817 977 943 1040; x_wconf 87' lang='lat' dir='ltr'><strong>ossibus</strong></span> <span class='ocrx_word' id='word_1_35' title='bbox 959 979 1089 1064; x_wconf 79' lang='lat' dir='ltr'><strong>ingens3</strong></span> 
     </span>
    </p>

    <p class='ocr_par' dir='ltr' id='par_1_6' title="bbox 272 1080 1176 1270">
     <span class='ocr_line' id='line_1_7' title="bbox 272 1080 1176 1168; baseline 0.002 -24"><span class='ocrx_word' id='word_1_36' title='bbox 272 1081 340 1146; x_wconf 91' lang='lat' dir='ltr'><strong>Nec</strong></span> <span class='ocrx_word' id='word_1_37' title='bbox 356 1080 508 1168; x_wconf 84' lang='lat' dir='ltr'><strong>lacrymis</strong></span> <span class='ocrx_word' id='word_1_38' title='bbox 522 1082 657 1148; x_wconf 62' lang='lat' dir='ltr'><strong>caruere</strong></span> <span class='ocrx_word' id='word_1_39' title='bbox 670 1103 779 1168; x_wconf 79' lang='lat' dir='ltr'><strong>genae3</strong></span> <span class='ocrx_word' id='word_1_40' title='bbox 801 1101 991 1167; x_wconf 82' lang='lat' dir='ltr'><strong>segnemque</strong></span> <span class='ocrx_word' id='word_1_41' title='bbox 1007 1082 1176 1161; x_wconf 87' lang='lat' dir='ltr'><strong>Menoeten,</strong></span> 
     </span>
     <span class='ocr_line' id='line_1_8' title="bbox 272 1183 994 1270; baseline 0.003 -22"><span class='ocrx_word' id='word_1_42' title='bbox 272 1183 398 1250; x_wconf 88' lang='lat' dir='ltr'><strong>Oblitus</strong></span> <span class='ocrx_word' id='word_1_43' title='bbox 413 1185 601 1270; x_wconf 81' lang='lat' dir='ltr'><strong>decorisque</strong></span> <span class='ocrx_word' id='word_1_44' title='bbox 616 1186 661 1250; x_wconf 90' lang='lat' dir='ltr'><strong>sui</strong></span> <span class='ocrx_word' id='word_1_45' title='bbox 678 1185 861 1268; x_wconf 88' lang='lat' dir='ltr'><strong>sociilmque</strong></span> <span class='ocrx_word' id='word_1_46' title='bbox 875 1185 994 1264; x_wconf 83' lang='lat' dir='ltr'><strong>salutis,</strong></span> 
     </span>
    </p>

    <p class='ocr_par' dir='ltr' id='par_1_7' title="bbox 273 1273 1292 1478">
     <span class='ocr_line' id='line_1_9' title="bbox 273 1273 1292 1375; baseline 0.002 -23"><span class='ocrx_word' id='word_1_47' title='bbox 273 1287 308 1353; x_wconf 91' lang='lat' dir='ltr'><strong>ln</strong></span> <span class='ocrx_word' id='word_1_48' title='bbox 324 1311 411 1354; x_wconf 89' lang='lat' dir='ltr'><strong>mare</strong></span> <span class='ocrx_word' id='word_1_49' title='bbox 425 1292 620 1375; x_wconf 68' lang='lat' dir='ltr'><strong>precipitem</strong></span> <span class='ocrx_word' id='word_1_50' title='bbox 635 1289 734 1374; x_wconf 89' lang='lat' dir='ltr'><strong>puppi</strong></span> <span class='ocrx_word' id='word_1_51' title='bbox 749 1287 897 1352; x_wconf 86' lang='lat' dir='ltr'><strong>deturbat</strong></span> <span class='ocrx_word' id='word_1_52' title='bbox 911 1289 954 1353; x_wconf 86' lang='lat' dir='ltr'><strong>ab</strong></span> <span class='ocrx_word' id='word_1_53' title='bbox 969 1287 1043 1352; x_wconf 78' lang='lat' dir='ltr'><strong>atet.</strong></span> <span class='ocrx_word' id='word_1_54' title='bbox 1055 1273 1080 1355; x_wconf 54' lang='lat'><strong>&#39;1²</strong></span> <span class='ocrx_word' id='word_1_55' title='bbox 1245 1294 1292 1354; x_wconf 73' lang='grc'><strong>116</strong></span> 
     </span>
     <span class='ocr_line' id='line_1_10' title="bbox 274 1389 1045 1478; baseline 0.003 -26"><span class='ocrx_word' id='word_1_56' title='bbox 274 1389 344 1475; x_wconf 91' lang='lat' dir='ltr'><strong>lpse</strong></span> <span class='ocrx_word' id='word_1_57' title='bbox 360 1389 552 1478; x_wconf 81' lang='lat' dir='ltr'><strong>gubernaclo</strong></span> <span class='ocrx_word' id='word_1_58' title='bbox 567 1407 671 1455; x_wconf 89' lang='lat' dir='ltr'><strong>rector</strong></span> <span class='ocrx_word' id='word_1_59' title='bbox 686 1391 780 1469; x_wconf 83' lang='lat' dir='ltr'><strong>subit,</strong></span> <span class='ocrx_word' id='word_1_60' title='bbox 795 1390 861 1476; x_wconf 89' lang='lat' dir='ltr'><strong>ipse</strong></span> <span class='ocrx_word' id='word_1_61' title='bbox 876 1393 1045 1478; x_wconf 79' lang='lat' dir='ltr'><strong>magister:</strong></span> 
     </span>
    </p>

    <p class='ocr_par' dir='ltr' id='par_1_8' title="bbox 273 1473 1168 1578">
     <span class='ocr_line' id='line_1_11' title="bbox 273 1473 1168 1578; baseline 0.001 -21"><span class='ocrx_word' id='word_1_62' title='bbox 273 1493 490 1578; x_wconf 88' lang='lat' dir='ltr'><strong>Hortaturque</strong></span> <span class='ocrx_word' id='word_1_63' title='bbox 507 1497 600 1574; x_wconf 86' lang='lat' dir='ltr'><strong>viros,</strong></span> <span class='ocrx_word' id='word_1_64' title='bbox 615 1494 802 1578; x_wconf 87' lang='lat' dir='ltr'><strong>clavumque</strong></span> <span class='ocrx_word' id='word_1_65' title='bbox 817 1493 858 1558; x_wconf 87' lang='lat' dir='ltr'><strong>ad</strong></span> <span class='ocrx_word' id='word_1_66' title='bbox 874 1493 978 1558; x_wconf 87' lang='lat' dir='ltr'><strong>littora</strong></span> <span class='ocrx_word' id='word_1_67' title='bbox 994 1473 1168 1577; x_wconf 59' lang='lat' dir='ltr'><strong>torquetal</strong></span> 
     </span>
    </p>

    <p class='ocr_par' dir='ltr' id='par_1_9' title="bbox 274 1595 1120 1682">
     <span class='ocr_line' id='line_1_12' title="bbox 274 1595 1120 1682; baseline 0.004 -23"><span class='ocrx_word' id='word_1_68' title='bbox 274 1596 318 1659; x_wconf 85' lang='lat' dir='ltr'><strong>At</strong></span> <span class='ocrx_word' id='word_1_69' title='bbox 330 1597 445 1682; x_wconf 69' lang='lat' dir='ltr'><strong>gravis</strong></span> <span class='ocrx_word' id='word_1_70' title='bbox 459 1610 492 1660; x_wconf 91' lang='lat' dir='ltr'><strong>ut</strong></span> <span class='ocrx_word' id='word_1_71' title='bbox 507 1596 603 1662; x_wconf 84' lang='lat' dir='ltr'><strong>tundo</strong></span> <span class='ocrx_word' id='word_1_72' title='bbox 617 1599 672 1660; x_wconf 85' lang='lat' dir='ltr'><strong>vix</strong></span> <span class='ocrx_word' id='word_1_73' title='bbox 687 1595 813 1660; x_wconf 86' lang='lat' dir='ltr'><strong>tandem</strong></span> <span class='ocrx_word' id='word_1_74' title='bbox 828 1595 970 1662; x_wconf 85' lang='lat' dir='ltr'><strong>redditus</strong></span> <span class='ocrx_word' id='word_1_75' title='bbox 985 1599 1048 1660; x_wconf 91' lang='lat' dir='ltr'><strong>imo</strong></span> <span class='ocrx_word' id='word_1_76' title='bbox 1063 1610 1120 1677; x_wconf 84' lang='lat' dir='ltr'><strong>est,</strong></span> 
     </span>
    </p>

    <p class='ocr_par' dir='ltr' id='par_1_10' title="bbox 272 1697 1296 1985">
     <span class='ocr_line' id='line_1_13' title="bbox 272 1697 1230 1785; baseline 0.004 -24"><span class='ocrx_word' id='word_1_77' title='bbox 272 1697 344 1762; x_wconf 87' lang='lat' dir='ltr'><strong>Jam</strong></span> <span class='ocrx_word' id='word_1_78' title='bbox 359 1703 473 1782; x_wconf 85' lang='lat' dir='ltr'><strong>senior,</strong></span> <span class='ocrx_word' id='word_1_79' title='bbox 487 1700 676 1785; x_wconf 73' lang='lat' dir='ltr'><strong>madidisque</strong></span> <span class='ocrx_word' id='word_1_80' title='bbox 691 1701 789 1766; x_wconf 86' lang='lat' dir='ltr'><strong>fluens</strong></span> <span class='ocrx_word' id='word_1_81' title='bbox 803 1701 834 1766; x_wconf 91' lang='lat' dir='ltr'><strong>in</strong></span> <span class='ocrx_word' id='word_1_82' title='bbox 849 1713 946 1781; x_wconf 89' lang='lat' dir='ltr'><strong>veste,</strong></span> <span class='ocrx_word' id='word_1_83' title='bbox 961 1701 1126 1781; x_wconf 85' lang='lat' dir='ltr'><strong>Menoetes,</strong></span> <span class='ocrx_word' id='word_1_84' title='bbox 1226 1741 1230 1750; x_wconf 56' lang='grc' dir='ltr'><strong><em>ι</em></strong></span> 
     </span>
     <span class='ocr_line' id='line_1_14' title="bbox 272 1801 1296 1890; baseline -0.002 -26"><span class='ocrx_word' id='word_1_85' title='bbox 272 1801 399 1866; x_wconf 86' lang='lat' dir='ltr'><strong>Summa</strong></span> <span class='ocrx_word' id='word_1_86' title='bbox 416 1803 494 1887; x_wconf 87' lang='lat' dir='ltr'><strong>petit</strong></span> <span class='ocrx_word' id='word_1_87' title='bbox 508 1803 637 1890; x_wconf 87' lang='lat' dir='ltr'><strong>scopuli,</strong></span> <span class='ocrx_word' id='word_1_88' title='bbox 651 1803 797 1887; x_wconf 77' lang='lat' dir='ltr'><strong>siccisque</strong></span> <span class='ocrx_word' id='word_1_89' title='bbox 812 1803 843 1866; x_wconf 91' lang='lat' dir='ltr'><strong>iu</strong></span> <span class='ocrx_word' id='word_1_90' title='bbox 857 1825 936 1889; x_wconf 89' lang='lat' dir='ltr'><strong>rupe</strong></span> <span class='ocrx_word' id='word_1_91' title='bbox 951 1801 1080 1866; x_wconf 80' lang='lat' dir='ltr'><strong>resedit.</strong></span> <span class='ocrx_word' id='word_1_92' title='bbox 1247 1805 1296 1862; x_wconf 82' lang='lat' dir='ltr'><strong>tte</strong></span> 
     </span>
     <span class='ocr_line' id='line_1_15' title="bbox 273 1902 1066 1985; baseline 0.001 -17"><span class='ocrx_word' id='word_1_93' title='bbox 273 1902 362 1972; x_wconf 89' lang='lat' dir='ltr'><strong>lllum</strong></span> <span class='ocrx_word' id='word_1_94' title='bbox 378 1919 408 1969; x_wconf 91' lang='lat' dir='ltr'><strong>et</strong></span> <span class='ocrx_word' id='word_1_95' title='bbox 424 1904 579 1972; x_wconf 85' lang='lat' dir='ltr'><strong>labentem</strong></span> <span class='ocrx_word' id='word_1_96' title='bbox 595 1907 712 1970; x_wconf 88' lang='lat' dir='ltr'><strong>Teucri</strong></span> <span class='ocrx_word' id='word_1_97' title='bbox 727 1919 758 1970; x_wconf 86' lang='lat' dir='ltr'><strong>et</strong></span> <span class='ocrx_word' id='word_1_98' title='bbox 772 1903 871 1970; x_wconf 80' lang='lat' dir='ltr'><strong>riseire</strong></span> <span class='ocrx_word' id='word_1_99' title='bbox 887 1917 1066 1985; x_wconf 68' lang='lat' dir='ltr'><strong>natantem</strong></span> 
     </span>
    </p>

    <p class='ocr_par' dir='ltr' id='par_1_11' title="bbox 272 2003 1054 2094">
     <span class='ocr_line' id='line_1_16' title="bbox 272 2003 1054 2094; baseline 0.001 -23"><span class='ocrx_word' id='word_1_100' title='bbox 272 2007 314 2072; x_wconf 84' lang='lat' dir='ltr'><strong>Et</strong></span> <span class='ocrx_word' id='word_1_101' title='bbox 328 2003 545 2074; x_wconf 77' lang='lat' dir='ltr'><strong>salsos&#39;tident</strong></span> <span class='ocrx_word' id='word_1_102' title='bbox 559 2022 772 2074; x_wconf 85' lang='lat' dir='ltr'><strong>revomentem</strong></span> <span class='ocrx_word' id='word_1_103' title='bbox 787 2021 917 2094; x_wconf 85' lang='lat' dir='ltr'><strong>pectore</strong></span> <span class='ocrx_word' id='word_1_104' title='bbox 932 2007 1054 2074; x_wconf 87' lang='lat' dir='ltr'><strong>fluetus.</strong></span> 
     </span>
    </p>

    <p class='ocr_par' dir='ltr' id='par_1_12' title="bbox 273 2111 1037 2200">
     <span class='ocr_line' id='line_1_17' title="bbox 273 2111 1037 2200; baseline 0.003 -24"><span class='ocrx_word' id='word_1_105' title='bbox 273 2112 340 2177; x_wconf 87' lang='lat' dir='ltr'><strong>Hic</strong></span> <span class='ocrx_word' id='word_1_106' title='bbox 355 2111 428 2178; x_wconf 70' lang='lat' dir='ltr'><strong>laeta</strong></span> <span class='ocrx_word' id='word_1_107' title='bbox 443 2117 591 2180; x_wconf 84' lang='lat' dir='ltr'><strong>extremis</strong></span> <span class='ocrx_word' id='word_1_108' title='bbox 606 2135 678 2200; x_wconf 90' lang='lat' dir='ltr'><strong>spes</strong></span> <span class='ocrx_word' id='word_1_109' title='bbox 693 2126 739 2178; x_wconf 87' lang='lat' dir='ltr'><strong>est</strong></span> <span class='ocrx_word' id='word_1_110' title='bbox 754 2133 889 2178; x_wconf 85' lang='lat' dir='ltr'><strong>accensa</strong></span> <span class='ocrx_word' id='word_1_111' title='bbox 904 2111 1037 2192; x_wconf 89' lang='lat' dir='ltr'><strong>duobus,</strong></span> 
     </span>
    </p>

    <p class='ocr_par' dir='ltr' id='par_1_13' title="bbox 273 2216 1370 2512">
     <span class='ocr_line' id='line_1_18' title="bbox 274 2216 1143 2304; baseline 0 -24"><span class='ocrx_word' id='word_1_112' title='bbox 274 2217 419 2304; x_wconf 85' lang='lat' dir='ltr'><strong>Sergesto</strong></span> <span class='ocrx_word' id='word_1_113' title='bbox 435 2216 664 2302; x_wconf 85' lang='lat' dir='ltr'><strong>Mnestheique,</strong></span> <span class='ocrx_word' id='word_1_114' title='bbox 678 2219 774 2304; x_wconf 86' lang='lat' dir='ltr'><strong>Gyan</strong></span> <span class='ocrx_word' id='word_1_115' title='bbox 789 2237 940 2304; x_wconf 82' lang='lat' dir='ltr'><strong>superare</strong></span> <span class='ocrx_word' id='word_1_116' title='bbox 959 2227 1143 2282; x_wconf 85' lang='lat' dir='ltr'><strong>morantem.</strong></span> 
     </span>
     <span class='ocr_line' id='line_1_19' title="bbox 273 2320 1296 2408; baseline -0.007 -22"><span class='ocrx_word' id='word_1_117' title='bbox 273 2323 434 2408; x_wconf 86' lang='lat' dir='ltr'><strong>Sergestus</strong></span> <span class='ocrx_word' id='word_1_118' title='bbox 449 2323 533 2408; x_wconf 86' lang='lat' dir='ltr'><strong>capit</strong></span> <span class='ocrx_word' id='word_1_119' title='bbox 547 2321 620 2387; x_wconf 76' lang='lat' dir='ltr'><strong>autb</strong></span> <span class='ocrx_word' id='word_1_120' title='bbox 634 2321 747 2402; x_wconf 89' lang='lat' dir='ltr'><strong>locum,</strong></span> <span class='ocrx_word' id='word_1_121' title='bbox 761 2320 952 2407; x_wconf 87' lang='lat' dir='ltr'><strong>scopuloque</strong></span> <span class='ocrx_word' id='word_1_122' title='bbox 966 2320 1170 2405; x_wconf 83' lang='lat' dir='ltr'><strong>propinquat:</strong></span> <span class='ocrx_word' id='word_1_123' title='bbox 1245 2323 1296 2380; x_wconf 77' lang='lat' dir='ltr'><strong>lus</strong></span> 
     </span>
     <span class='ocr_line' id='line_1_20' title="bbox 274 2422 1026 2512; baseline -0.001 -24"><span class='ocrx_word' id='word_1_124' title='bbox 274 2423 342 2489; x_wconf 89' lang='lat' dir='ltr'><strong>Nec</strong></span> <span class='ocrx_word' id='word_1_125' title='bbox 358 2423 423 2490; x_wconf 76' lang='lat' dir='ltr'><strong>toti</strong></span> <span class='ocrx_word' id='word_1_126' title='bbox 437 2437 541 2492; x_wconf 88' lang='lat' dir='ltr'><strong>tamen</strong></span> <span class='ocrx_word' id='word_1_127' title='bbox 556 2425 609 2490; x_wconf 90' lang='lat' dir='ltr'><strong>ille</strong></span> <span class='ocrx_word' id='word_1_128' title='bbox 623 2425 710 2512; x_wconf 88' lang='lat' dir='ltr'><strong>prior</strong></span> <span class='ocrx_word' id='word_1_129' title='bbox 723 2437 883 2512; x_wconf 74' lang='lat' dir='ltr'><strong>praeeunte</strong></span> <span class='ocrx_word' id='word_1_130' title='bbox 897 2422 1005 2490; x_wconf 67' lang='lat' dir='ltr'><strong>carini</strong></span> <span class='ocrx_word' id='word_1_131' title='bbox 1017 2447 1026 2503; x_wconf 86' lang='lat'>3</span> 
     </span>
    </p>

    <p class='ocr_par' dir='ltr' id='par_1_14' title="bbox 275 2525 1123 2616">
     <span class='ocr_line' id='line_1_21' title="bbox 275 2525 1123 2616; baseline -0.004 -24"><span class='ocrx_word' id='word_1_132' title='bbox 275 2529 368 2594; x_wconf 87' lang='lat' dir='ltr'><strong>Parte</strong></span> <span class='ocrx_word' id='word_1_133' title='bbox 383 2528 479 2616; x_wconf 91' lang='lat' dir='ltr'><strong>prior,</strong></span> <span class='ocrx_word' id='word_1_134' title='bbox 493 2541 615 2616; x_wconf 85' lang='lat' dir='ltr'><strong>partem</strong></span> <span class='ocrx_word' id='word_1_135' title='bbox 629 2541 733 2593; x_wconf 91' lang='lat' dir='ltr'><strong>rostro</strong></span> <span class='ocrx_word' id='word_1_136' title='bbox 745 2530 860 2614; x_wconf 87' lang='lat' dir='ltr'><strong>premit</strong></span> <span class='ocrx_word' id='word_1_137' title='bbox 874 2525 988 2591; x_wconf 80' lang='lat' dir='ltr'><strong>aemula</strong></span> <span class='ocrx_word' id='word_1_138' title='bbox 1003 2525 1123 2590; x_wconf 86' lang='lat' dir='ltr'><strong>Pristis.</strong></span> 
     </span>
    </p>

    <p class='ocr_par' dir='ltr' id='par_1_15' title="bbox 274 2630 977 2716">
     <span class='ocr_line' id='line_1_22' title="bbox 274 2630 977 2716; baseline -0.001 -22"><span class='ocrx_word' id='word_1_139' title='bbox 274 2631 316 2694; x_wconf 87' lang='lat' dir='ltr'><strong>At</strong></span> <span class='ocrx_word' id='word_1_140' title='bbox 330 2631 434 2696; x_wconf 68' lang='lat' dir='ltr'><strong>medii</strong></span> <span class='ocrx_word' id='word_1_141' title='bbox 448 2636 551 2697; x_wconf 88' lang='lat' dir='ltr'><strong>socios</strong></span> <span class='ocrx_word' id='word_1_142' title='bbox 566 2630 714 2696; x_wconf 89' lang='lat' dir='ltr'><strong>incedens</strong></span> <span class='ocrx_word' id='word_1_143' title='bbox 728 2651 809 2695; x_wconf 85' lang='lat' dir='ltr'><strong>nave</strong></span> <span class='ocrx_word' id='word_1_144' title='bbox 824 2651 882 2716; x_wconf 86' lang='lat' dir='ltr'><strong>per</strong></span> <span class='ocrx_word' id='word_1_145' title='bbox 892 2633 977 2716; x_wconf 88' lang='lat' dir='ltr'><strong>ipsos</strong></span> 
     </span>
    </p>

    <p class='ocr_par' dir='ltr' id='par_1_16' title="bbox 274 2732 1301 3025">
     <span class='ocr_line' id='line_1_23' title="bbox 274 2732 1189 2818; baseline -0.002 -20"><span class='ocrx_word' id='word_1_146' title='bbox 274 2735 430 2801; x_wconf 88' lang='lat' dir='ltr'><strong>Hortatur</strong></span> <span class='ocrx_word' id='word_1_147' title='bbox 446 2736 647 2802; x_wconf 83' lang='lat' dir='ltr'><strong>Mnestheus:</strong></span> <span class='ocrx_word' id='word_1_148' title='bbox 691 2735 792 2814; x_wconf 90' lang='lat' dir='ltr'><strong>Nunc,</strong></span> <span class='ocrx_word' id='word_1_149' title='bbox 806 2755 898 2813; x_wconf 88' lang='lat' dir='ltr'><strong>nuuc,</strong></span> <span class='ocrx_word' id='word_1_150' title='bbox 912 2732 1061 2818; x_wconf 88' lang='lat' dir='ltr'><strong>insurgite</strong></span> <span class='ocrx_word' id='word_1_151' title='bbox 1082 2734 1189 2812; x_wconf 87' lang='lat' dir='ltr'><strong>remis,</strong></span> 
     </span>
     <span class='ocr_line' id='line_1_24' title="bbox 274 2833 1301 2923; baseline -0.008 -23"><span class='ocrx_word' id='word_1_152' title='bbox 274 2837 428 2903; x_wconf 86' lang='lat' dir='ltr'><strong>Hectorei</strong></span> <span class='ocrx_word' id='word_1_153' title='bbox 442 2839 528 2916; x_wconf 89' lang='lat' dir='ltr'><strong>socii,</strong></span> <span class='ocrx_word' id='word_1_154' title='bbox 542 2837 648 2923; x_wconf 82' lang='lat' dir='ltr'><strong>Trojae</strong></span> <span class='ocrx_word' id='word_1_155' title='bbox 664 2857 742 2919; x_wconf 89' lang='lat' dir='ltr'><strong>quos</strong></span> <span class='ocrx_word' id='word_1_156' title='bbox 756 2847 839 2900; x_wconf 89' lang='lat' dir='ltr'><strong>sorte</strong></span> <span class='ocrx_word' id='word_1_157' title='bbox 854 2833 1001 2922; x_wconf 67' lang='lat' dir='ltr'><strong>supremi</strong></span> <span class='ocrx_word' id='word_1_158' title='bbox 1248 2837 1301 2894; x_wconf 81' lang='grc'><strong>190</strong></span> 
     </span>
     <span class='ocr_line' id='line_1_25' title="bbox 274 2936 998 3025; baseline 0 -23"><span class='ocrx_word' id='word_1_159' title='bbox 274 2936 389 3025; x_wconf 87' lang='lat' dir='ltr'><strong>Delegi</strong></span> <span class='ocrx_word' id='word_1_160' title='bbox 404 2940 552 3003; x_wconf 79' lang='lat' dir='ltr'><strong>comitest</strong></span> <span class='ocrx_word' id='word_1_161' title='bbox 575 2959 657 3002; x_wconf 90' lang='lat' dir='ltr'><strong>nunc</strong></span> <span class='ocrx_word' id='word_1_162' title='bbox 672 2938 743 3002; x_wconf 87' lang='lat' dir='ltr'><strong>illas</strong></span> <span class='ocrx_word' id='word_1_163' title='bbox 757 2939 890 3024; x_wconf 88' lang='lat' dir='ltr'><strong>promite</strong></span> <span class='ocrx_word' id='word_1_164' title='bbox 906 2939 998 3018; x_wconf 84' lang='lat' dir='ltr'><strong>vires,</strong></span> 
     </span>
    </p>

    <p class='ocr_par' dir='ltr' id='par_1_17' title="bbox 274 3039 1057 3127">
     <span class='ocr_line' id='line_1_26' title="bbox 274 3039 1057 3127; baseline -0.005 -19"><span class='ocrx_word' id='word_1_165' title='bbox 274 3043 365 3108; x_wconf 90' lang='lat' dir='ltr'><strong>Nunc</strong></span> <span class='ocrx_word' id='word_1_166' title='bbox 381 3039 509 3118; x_wconf 82' lang='lat' dir='ltr'><strong>animos,</strong></span> <span class='ocrx_word' id='word_1_167' title='bbox 524 3039 638 3122; x_wconf 90' lang='lat' dir='ltr'><strong>quibus</strong></span> <span class='ocrx_word' id='word_1_168' title='bbox 653 3039 685 3105; x_wconf 92' lang='lat' dir='ltr'><strong>in</strong></span> <span class='ocrx_word' id='word_1_169' title='bbox 699 3039 830 3106; x_wconf 73' lang='lat' dir='ltr'><strong>Gaetulis</strong></span> <span class='ocrx_word' id='word_1_170' title='bbox 845 3041 984 3127; x_wconf 83' lang='lat' dir='ltr'><strong>syrtibus</strong></span> <span class='ocrx_word' id='word_1_171' title='bbox 998 3042 1057 3119; x_wconf 90' lang='lat' dir='ltr'><strong>usi,</strong></span> 
     </span>
    </p>

    <p class='ocr_par' dir='ltr' id='par_1_18' title="bbox 274 3140 1079 3228">
     <span class='ocr_line' id='line_1_27' title="bbox 274 3140 1079 3228; baseline 0 -20"><span class='ocrx_word' id='word_1_172' title='bbox 274 3145 423 3228; x_wconf 87' lang='lat' dir='ltr'><strong>Ionioque</strong></span> <span class='ocrx_word' id='word_1_173' title='bbox 437 3146 527 3222; x_wconf 83' lang='lat' dir='ltr'><strong>mari,</strong></span> <span class='ocrx_word' id='word_1_174' title='bbox 543 3140 721 3227; x_wconf 83' lang='lat' dir='ltr'><strong>Maleaeque</strong></span> <span class='ocrx_word' id='word_1_175' title='bbox 735 3145 924 3228; x_wconf 84' lang='lat' dir='ltr'><strong>sequacibus</strong></span> <span class='ocrx_word' id='word_1_176' title='bbox 938 3141 1039 3208; x_wconf 78' lang='lat' dir='ltr'><strong>undis.</strong></span> <span class='ocrx_word' id='word_1_177' title='bbox 1073 3169 1079 3189; x_wconf 76' lang='lat'><em>=</em></span> 
     </span>
    </p>

    <p class='ocr_par' dir='ltr' id='par_1_19' title="bbox 273 3243 1369 3539">
     <span class='ocr_line' id='line_1_28' title="bbox 274 3243 1261 3334; baseline -0.005 -21"><span class='ocrx_word' id='word_1_178' title='bbox 274 3247 345 3314; x_wconf 88' lang='lat' dir='ltr'><strong>Non</strong></span> <span class='ocrx_word' id='word_1_179' title='bbox 356 3249 424 3334; x_wconf 86' lang='lat' dir='ltr'><strong>jam</strong></span> <span class='ocrx_word' id='word_1_180' title='bbox 438 3246 541 3333; x_wconf 87' lang='lat' dir='ltr'><strong>prima</strong></span> <span class='ocrx_word' id='word_1_181' title='bbox 554 3258 628 3332; x_wconf 86' lang='lat' dir='ltr'><strong>peto</strong></span> <span class='ocrx_word' id='word_1_182' title='bbox 643 3245 836 3327; x_wconf 85' lang='lat' dir='ltr'><strong>Mnestheus,</strong></span> <span class='ocrx_word' id='word_1_183' title='bbox 850 3267 952 3330; x_wconf 88' lang='lat' dir='ltr'><strong>aeque</strong></span> <span class='ocrx_word' id='word_1_184' title='bbox 966 3246 1094 3312; x_wconf 87' lang='lat' dir='ltr'><strong>vincere</strong></span> <span class='ocrx_word' id='word_1_185' title='bbox 1108 3259 1217 3312; x_wconf 86' lang='lat' dir='ltr'><strong>certo:</strong></span> <span class='ocrx_word' id='word_1_186' title='bbox 1255 3243 1261 3250; x_wconf 59' lang='lat'><strong><em>⁴</em></strong></span> 
     </span>
     <span class='ocr_line' id='line_1_29' title="bbox 273 3347 1306 3436; baseline -0.01 -20"><span class='ocrx_word' id='word_1_187' title='bbox 273 3353 459 3434; x_wconf 82' lang='lat' dir='ltr'><strong>Quanquam</strong></span> <span class='ocrx_word' id='word_1_188' title='bbox 474 3351 507 3414; x_wconf 89' lang='lat' dir='ltr'><strong>o!</strong></span> <span class='ocrx_word' id='word_1_189' title='bbox 531 3347 1234 3436; x_wconf 86' lang='lat' dir='ltr'><strong>sedsuperentquibushoe,Neptune,dedisti.</strong></span> <span class='ocrx_word' id='word_1_190' title='bbox 1254 3351 1306 3409; x_wconf 80' lang='grc'><strong>191</strong></span> 
     </span>
     <span class='ocr_line' id='line_1_30' title="bbox 276 3451 1166 3539; baseline -0.007 -19"><span class='ocrx_word' id='word_1_191' title='bbox 276 3456 442 3522; x_wconf 82' lang='lat' dir='ltr'><strong>Extremus</strong></span> <span class='ocrx_word' id='word_1_192' title='bbox 457 3451 574 3539; x_wconf 83' lang='lat' dir='ltr'><strong>pudeat</strong></span> <span class='ocrx_word' id='word_1_193' title='bbox 588 3451 739 3518; x_wconf 85' lang='lat' dir='ltr'><strong>rediisse:</strong></span> <span class='ocrx_word' id='word_1_194' title='bbox 762 3452 823 3518; x_wconf 86' lang='lat' dir='ltr'><strong>hoc</strong></span> <span class='ocrx_word' id='word_1_195' title='bbox 838 3453 962 3534; x_wconf 87' lang='lat' dir='ltr'><strong>vincite,</strong></span> <span class='ocrx_word' id='word_1_196' title='bbox 976 3454 1072 3536; x_wconf 81' lang='lat' dir='ltr'><strong>cives,</strong></span> <span class='ocrx_word' id='word_1_197' title='bbox 1163 3509 1166 3514; x_wconf 80' lang='grc'>,</span> 
     </span>
    </p>

    <p class='ocr_par' dir='ltr' id='par_1_20' title="bbox 274 3555 1164 3847">
     <span class='ocr_line' id='line_1_31' title="bbox 274 3555 1164 3647; baseline -0.006 -23"><span class='ocrx_word' id='word_1_198' title='bbox 274 3560 315 3624; x_wconf 88' lang='lat' dir='ltr'><strong>Et</strong></span> <span class='ocrx_word' id='word_1_199' title='bbox 329 3557 496 3647; x_wconf 88' lang='lat' dir='ltr'><strong>prohibete</strong></span> <span class='ocrx_word' id='word_1_200' title='bbox 511 3557 610 3622; x_wconf 83' lang='lat' dir='ltr'><strong>nefas.</strong></span> <span class='ocrx_word' id='word_1_201' title='bbox 654 3555 719 3621; x_wconf 93' lang='lat' dir='ltr'><strong>Olli</strong></span> <span class='ocrx_word' id='word_1_202' title='bbox 732 3557 902 3622; x_wconf 87' lang='lat' dir='ltr'><strong>certamine</strong></span> <span class='ocrx_word' id='word_1_203' title='bbox 916 3579 1036 3622; x_wconf 86' lang='lat' dir='ltr'><strong>summo</strong></span> <span class='ocrx_word' id='word_1_204' title='bbox 1095 3601 1097 3608; x_wconf 44' lang='grc' dir='ltr'><strong><em>ι</em></strong></span> <span class='ocrx_word' id='word_1_205' title='bbox 1126 3613 1142 3621; x_wconf 88' lang='grc'><strong>,,</strong></span> <span class='ocrx_word' id='word_1_206' title='bbox 1162 3613 1164 3618; x_wconf 95' lang='grc'>.</span> 
     </span>
     <span class='ocr_line' id='line_1_32' title="bbox 275 3661 1112 3747; baseline -0.005 -19"><span class='ocrx_word' id='word_1_207' title='bbox 275 3662 506 3740; x_wconf 76' lang='lat' dir='ltr'><strong>Procumbunt3</strong></span> <span class='ocrx_word' id='word_1_208' title='bbox 528 3661 624 3725; x_wconf 84' lang='lat' dir='ltr'><strong>vastis</strong></span> <span class='ocrx_word' id='word_1_209' title='bbox 640 3661 743 3724; x_wconf 87' lang='lat' dir='ltr'><strong>tremit</strong></span> <span class='ocrx_word' id='word_1_210' title='bbox 757 3662 874 3726; x_wconf 88' lang='lat' dir='ltr'><strong>ictibus</strong></span> <span class='ocrx_word' id='word_1_211' title='bbox 888 3681 972 3725; x_wconf 80' lang='lat' dir='ltr'><strong>terea</strong></span> <span class='ocrx_word' id='word_1_212' title='bbox 987 3663 1112 3747; x_wconf 85' lang='lat' dir='ltr'><strong>puppis,</strong></span> 
     </span>
     <span class='ocr_line' id='line_1_33' title="bbox 275 3761 1158 3847; baseline -0.005 -16"><span class='ocrx_word' id='word_1_213' title='bbox 275 3763 538 3847; x_wconf 77' lang='lat' dir='ltr'><strong>subtrahiturque</strong></span> <span class='ocrx_word' id='word_1_214' title='bbox 552 3761 652 3826; x_wconf 91' lang='lat' dir='ltr'><strong>solum</strong></span> <span class='ocrx_word' id='word_1_215' title='bbox 663 3786 683 3836; x_wconf 72' lang='grc' dir='ltr'><strong>ε,</strong></span> <span class='ocrx_word' id='word_1_216' title='bbox 695 3775 759 3827; x_wconf 89' lang='lat' dir='ltr'><strong>tum</strong></span> <span class='ocrx_word' id='word_1_217' title='bbox 773 3763 887 3828; x_wconf 86' lang='lat' dir='ltr'><strong>creber</strong></span> <span class='ocrx_word' id='word_1_218' title='bbox 901 3763 1056 3830; x_wconf 87' lang='lat' dir='ltr'><strong>anhelitus</strong></span> <span class='ocrx_word' id='word_1_219' title='bbox 1071 3775 1158 3828; x_wconf 84' lang='lat' dir='ltr'><strong>arttts</strong></span> 
     </span>
    </p>
   </div>
   <div class='ocr_carea' id='block_1_3' title="bbox 272 3848 1313 4160">
    <p class='ocr_par' dir='ltr' id='par_1_21' title="bbox 272 3848 1313 4160">
     <span class='ocr_line' id='line_1_34' title="bbox 274 3848 1313 3952; baseline -0.004 -19"><span class='ocrx_word' id='word_1_220' title='bbox 274 3867 436 3952; x_wconf 80' lang='lat' dir='ltr'><strong>Aridaque</strong></span> <span class='ocrx_word' id='word_1_221' title='bbox 449 3887 507 3931; x_wconf 89' lang='lat' dir='ltr'><strong>ora</strong></span> <span class='ocrx_word' id='word_1_222' title='bbox 521 3867 641 3949; x_wconf 80' lang='lat' dir='ltr'><strong>qustit3</strong></span> <span class='ocrx_word' id='word_1_223' title='bbox 663 3848 759 3930; x_wconf 84' lang='lat' dir='ltr'><strong>sudor</strong></span> <span class='ocrx_word' id='word_1_224' title='bbox 773 3865 840 3932; x_wconf 90' lang='lat' dir='ltr'><strong>fluit</strong></span> <span class='ocrx_word' id='word_1_225' title='bbox 854 3867 991 3952; x_wconf 86' lang='lat' dir='ltr'><strong>undique</strong></span> <span class='ocrx_word' id='word_1_226' title='bbox 1005 3867 1091 3932; x_wconf 84' lang='lat' dir='ltr'><strong>rivis.</strong></span> <span class='ocrx_word' id='word_1_227' title='bbox 1256 3870 1313 3929; x_wconf 73' lang='lat'><strong>200</strong></span> 
     </span>
     <span class='ocr_line' id='line_1_35' title="bbox 317 3969 1045 4056; baseline -0.001 -19"><span class='ocrx_word' id='word_1_228' title='bbox 317 3969 429 4037; x_wconf 79' lang='lat' dir='ltr'><strong>Attulit</strong></span> <span class='ocrx_word' id='word_1_229' title='bbox 442 3970 509 4056; x_wconf 83' lang='lat' dir='ltr'><strong>ipsc</strong></span> <span class='ocrx_word' id='word_1_230' title='bbox 523 3969 600 4034; x_wconf 90' lang='lat' dir='ltr'><strong>viris</strong></span> <span class='ocrx_word' id='word_1_231' title='bbox 614 3981 753 4053; x_wconf 77' lang='lat' dir='ltr'><strong>optatum</strong></span> <span class='ocrx_word' id='word_1_232' title='bbox 767 3991 858 4034; x_wconf 86' lang='lat' dir='ltr'><strong>casus</strong></span> <span class='ocrx_word' id='word_1_233' title='bbox 873 3969 1045 4036; x_wconf 86' lang='lat' dir='ltr'><strong>bonorem:</strong></span> 
     </span>
     <span class='ocr_line' id='line_1_36' title="bbox 272 4069 1221 4160; baseline -0.003 -19"><span class='ocrx_word' id='word_1_234' title='bbox 272 4074 429 4159; x_wconf 83' lang='lat' dir='ltr'><strong>Namque,</strong></span> <span class='ocrx_word' id='word_1_235' title='bbox 443 4073 550 4138; x_wconf 77' lang='lat' dir='ltr'><strong>hirene</strong></span> <span class='ocrx_word' id='word_1_236' title='bbox 566 4074 672 4152; x_wconf 85' lang='lat' dir='ltr'><strong>animi,</strong></span> <span class='ocrx_word' id='word_1_237' title='bbox 687 4069 761 4136; x_wconf 90' lang='lat' dir='ltr'><strong>dum</strong></span> <span class='ocrx_word' id='word_1_238' title='bbox 776 4093 902 4158; x_wconf 76' lang='lat' dir='ltr'><strong>pteram</strong></span> <span class='ocrx_word' id='word_1_239' title='bbox 917 4073 958 4138; x_wconf 89' lang='lat' dir='ltr'><strong>ad</strong></span> <span class='ocrx_word' id='word_1_240' title='bbox 974 4095 1053 4142; x_wconf 82' lang='lat' dir='ltr'><strong>saxa</strong></span> <span class='ocrx_word' id='word_1_241' title='bbox 1068 4073 1221 4160; x_wconf 84' lang='lat' dir='ltr'><strong>suburgst</strong></span> 
     </span>
    </p>
   </div>
   <div class='ocr_carea' id='block_1_4' title="bbox 0 0 1387 5010">
    <p class='ocr_par' dir='ltr' id='par_1_22' title="bbox 0 0 1387 5010">
     <span class='ocr_line' id='line_1_37' title="bbox 0 0 1387 5010; baseline 0 0"><span class='ocrx_word' id='word_1_242' title='bbox 0 0 1387 5010; x_wconf 95' lang='lat' dir='ltr'><strong> </strong></span> 
     </span>
    </p>
   </div>
  </div>
 </body>
</html>
