2756 5010
238 465 295 522 sas
684 445 873 526 muamus

278 618 479 706 Impositique
494 618 576 705 rogis
586 619 720 705 'juvenes
734 627 807 681 ante
822 639 879 686 ora
893 617 1077 703 parentum:
1101 617 1185 724 ,irl-

279 723 382 807 Quam
397 722 494 788 multa
509 723 539 787 in
554 721 642 786 silvis
657 721 795 785 autumni
810 721 925 807 frigore
940 724 1042 807 primo

278 827 388 913 Lapsa
401 825 518 890 cadunt
532 822 625 904 iolia3
647 835 700 888 aut
715 823 756 888 ad
770 835 885 890 terram
899 825 1019 911 gurgite
1035 825 1078 900 ab
1094 823 1155 888 alto
1241 821 1285 884 81⁰

279 930 382 1013 Quam
397 929 500 995 multae
515 927 725 1014 glomerantur
740 947 824 1004 aves,
839 928 893 992 ubi
907 927 1039 1015 frigidus
1054 947 1151 996 annus

280 1029 385 1098 Trans
399 1043 526 1119 pontum
541 1030 637 1116 sugat,
653 1042 683 1093 et
698 1031 790 1094 terris
804 1029 939 1094 immittit
954 1031 1083 1115 apricis.

281 1139 414 1202 Stabant
429 1147 553 1202 orantes
568 1137 662 1221 primi
676 1137 886 1198 transmittere
900 1153 1038 1214 cursum,

280 1239 531 1324 Tendebantque
546 1257 664 1318 manus,
678 1239 756 1321 ripae
771 1235 928 1301 ulterioris
941 1257 1061 1302 amore.

281 1333 399 1408 Navita
414 1340 470 1406 sed
485 1340 580 1408 tristis
594 1359 676 1403 nunc
692 1338 748 1403 hos
764 1359 846 1402 nunc
861 1339 976 1425 accipit
990 1337 1079 1420 illos,
1243 1341 1286 1399 ³15

280 1447 339 1510 Ast
353 1445 432 1509 alios
447 1443 537 1529 longia
553 1441 711 1507 submotos
726 1455 815 1507 arcet
829 1441 935 1508 areni.

282 1549 407 1630 AEneas,
421 1547 549 1612 miratus
563 1546 655 1627 enim,
669 1558 830 1631 motusque
846 1545 986 1628 tumultu,

279 1651 352 1732 Dic,
367 1651 418 1732 ait,
432 1672 452 1715 o
467 1651 563 1737 virgo,
578 1649 654 1735 quid
669 1648 734 1714 vult
748 1669 917 1714 concursus
932 1649 973 1714 ad
989 1654 1135 1716 amnemt

279 1755 405 1838 Quidve
419 1767 527 1840 petunt
542 1756 676 1818 animael
697 1751 747 1817 vel
763 1773 825 1837 quo
840 1751 1022 1819 discrimine
1037 1756 1123 1841 ripas

280 1859 344 1924 Hae
360 1859 511 1944 linquunt,
526 1857 587 1922 illoe
602 1861 697 1922 remis
712 1857 797 1922 vada
813 1859 909 1924 livida
923 1865 1074 1925 verrunt?
1243 1857 1289 1918 iii

279 1962 344 2028 Olli
358 1965 404 2027 sic
418 1961 559 2026 breviter
573 1961 636 2025 fata
652 1973 698 2026 est
714 1960 854 2048 longaeva
868 1961 1038 2028 sacerdos:

275 2065 419 2134 Anchisa
433 2077 590 2151 generate,
605 2063 699 2128 deum
714 2066 888 2129 certissima
903 2066 1017 2151 proles,

279 2169 520 2256 Cocytistagnu
535 2167 598 2232 alta
614 2167 714 2247 vides,
729 2170 932 2255 Stygiamque
947 2169 1105 2256 paludetn,
1176 2155 1182 2168 ⁸

277 2272 323 2339 Di
337 2273 424 2358 cujus
434 2272 545 2358 jurare
559 2273 668 2335 timent
683 2284 713 2334 et
728 2269 837 2335 fallere
852 2293 976 2336 numen.

278 2373 362 2440 Haec
373 2375 482 2453 omnis,
493 2393 587 2458 quarn
598 2375 713 2451 cernis,
723 2376 813 2458 inops
825 2373 1048 2460 inhumataque
1059 2375 1151 2440 turba
1162 2387 1220 2440 est:
1244 2368 1293 2433 525

279 2478 418 2543 Portitor
428 2475 499 2555 ille,
507 2475 654 2540 Charon:
678 2474 721 2553 hi,
736 2497 813 2560 quos
828 2476 914 2542 vehit
929 2477 1023 2559 unda,
1038 2480 1163 2566 sepulti.

277 2579 346 2646 Nec
361 2583 447 2665 ripas
462 2579 555 2643 datur
570 2577 743 2642 horrendas
759 2591 789 2642 et
805 2601 902 2644 rauca
917 2580 1032 2645 fluenta

276 2683 508 2769 Transportare
523 2679 619 2767 priris,
634 2682 727 2766 quim
741 2681 870 2747 sedibus
884 2703 956 2748 ossa
970 2685 1128 2770 quierunt.

277 2785 412 2851 Centum
428 2797 534 2848 errant
549 2805 655 2864 annos,
670 2783 868 2870 volitantque·
878 2785 946 2850 haec
962 2777 1066 2853 littora
1080 2790 1217 2866 circttm3

224 2875 231 2887 ⁸
276 2889 360 2954 Tum
374 2885 640 2968 demum'admissi
656 2899 766 2972 stagna
782 2903 929 2973 exoptata
945 2893 1095 2957 revisunt.
1247 2889 1299 2950 ³30

277 2992 426 3056 Constitit
439 2987 577 3051 Anchisa
592 3001 686 3066 satus
701 2991 878 3077 et'vestigia
892 2995 1016 3076 pressit,

276 3093 378 3159 Multa
391 3104 513 3178 putans,
528 3104 705 3176 sortemque
721 3097 826 3158 animo
840 3099 1004 3162 miseratus
1018 3101 1173 3185 iniquam.

161 3201 173 3224 '
275 3199 387 3265 Cernit
401 3199 445 3263 ibi
461 3211 596 3277 moestos,
611 3211 641 3262 et
656 3202 763 3262 mortis
779 3199 897 3265 honore
911 3216 1065 3285 carentes

275 3294 475 3390 Leucaspim,
490 3317 521 3367 et
536 3303 646 3389 Lyciae
661 3302 822 3368 ductorem
838 3305 949 3372 classis
963 3297 1125 3389 Orontem,

274 3411 361 3494 Quos
376 3406 466 3474 simul
481 3428 500 3472 a
516 3406 613 3494 Troji
627 3419 756 3471 ventosa
771 3429 830 3492 per
844 3431 973 3495 aequora
988 3426 1095 3476 vectos
1252 3415 1305 3474 885

274 3513 389 3580 Obruit
404 3514 528 3590 Auster,
543 3509 624 3595 aqua
639 3510 799 3575 involvens
814 3533 988 3600 navemque
1003 3516 1163 3601 virosque.

317 3617 403 3682 Ecce
417 3616 608 3702 gubernator
623 3635 691 3678 sese
707 3615 869 3680 Palinurus
885 3619 1009 3704 agebat,

274 3722 337 3805 Qui
352 3721 480 3807 Libyco
494 3739 594 3805 nuper
608 3741 711 3801 cursu,
726 3719 799 3783 dum
815 3719 920 3785 sidera
943 3736 1059 3804 serrat,

274 3824 447 3891 Exciderat
461 3824 567 3910 puppi,
583 3821 695 3887 mediis
710 3820 824 3886 effusus
837 3827 869 3888 in
884 3825 987 3888 undis.

274 3929 371 3994 Hunc
390 3927 445 3992 ubi
460 3930 514 3990 vix
529 3923 626 3990 multi
640 3938 782 3990 moestum
797 3930 942 4012 cognovit
956 3928 987 3992 in
1003 3928 1124 4010 umbri,
1259 3931 1314 3990 ³40

275 4031 328 4095 Sic
342 4029 429 4114 prior
444 4027 627 4114 alloquitur:
648 4027 727 4109 Quis
743 4041 784 4106 te,
800 4027 955 4108 Palinure,
970 4030 1101 4096 deorum

275 4133 399 4221 Eripuit
414 4133 514 4213 nobis,
529 4131 695 4218 medioque
710 4131 769 4200 sub
783 4151 911 4217 aequore
925 4134 1052 4198 mersit?
