2772 4998
424 390 448 420 ⁸*
514 403 687 468 mam

121 559 184 647 lpsa
197 574 292 649 caput
306 559 450 648 populis:
473 561 579 628 Tusco
592 563 635 629 de
646 566 797 651 sangnine
809 569 906 630 vires.

119 664 196 729 Hinc
211 687 335 750 quoque
350 665 532 753 quingentos
547 670 580 732 in
593 689 627 732 se
642 669 816 734 Mezentius
830 681 940 750 armat,

118 765 196 846 Quos
208 781 300 853 patre
315 767 452 848 Benaco,
466 768 587 834 velatus
601 769 753 836 amndine
766 769 889 855 glauci,

117 869 244 934 Mincius
258 868 371 935 infesti
386 869 524 936 ducebat
538 871 569 936 in
584 889 712 956 aequora
727 873 812 958 pinu.

117 970 140 1033 lt
152 973 254 1057 gravis
269 971 423 1052 Aulestes,
437 972 632 1059 conterique
645 974 761 1039 arbore
775 973 886 1040 fluetus

117 1072 269 1138 Verberat
283 1095 465 1161 assurgens3
486 1087 631 1160 spumant
644 1075 727 1140 vada
741 1096 896 1141 marmore
911 1095 1014 1142 verso.

116 1183 202 1248 Hunc
217 1183 306 1248 vehit
321 1183 464 1248 immania
479 1183 599 1264 Triton,
614 1198 645 1248 et
659 1183 776 1248 coerula
791 1184 911 1249 conchd

114 1283 279 1350 Exterrens
292 1285 391 1349 freta:
413 1289 465 1350 cui
481 1284 612 1350 laterum
626 1299 715 1350 tenus
730 1286 856 1372 bispida
870 1289 957 1352 nanti

116 1385 205 1452 Frons
218 1387 379 1452 hominem
393 1389 531 1472 proelert,
545 1389 576 1452 in
591 1389 701 1474 pristin
716 1388 830 1454 desinit
841 1387 940 1468 alvus,

114 1489 240 1576 Spumea
255 1488 402 1556 semifero
416 1491 475 1555 sub
489 1504 617 1576 pectore
632 1505 802 1556 murmurat
816 1490 911 1556 unda.

114 1590 170 1656 Tot
182 1592 254 1658 lecti
269 1613 418 1678 proceres
432 1605 480 1657 ter
495 1593 585 1658 denis
599 1594 730 1660 naribus
746 1595 832 1658 ibant

114 1695 252 1761 Subsidio
268 1695 385 1782 Trojoe,
399 1709 431 1760 et
444 1713 572 1784 campos
587 1697 661 1761 salis
675 1718 739 1761 aare
752 1698 914 1762 secabant.

148 1799 281 1885 Jamque
295 1797 365 1862 dlee
378 1797 461 1863 caelo
474 1812 682 1879 concesserat,
696 1799 840 1884 almaque
854 1819 949 1864 curru

111 1897 279 1989 Noctirago
294 1901 414 1966 Phoebe
428 1899 563 1966 medium
577 1900 724 1987 pulsabat
737 1901 920 1989 Olympum.

111 1999 231 2085 AEneas,
245 2023 350 2088 neque
364 2007 448 2069 enim
461 2005 610 2069 membris
623 2003 679 2069 dat
693 2026 769 2070 cura
784 2009 930 2091 quietem,

112 2103 175 2189 lpse
187 2105 302 2172 sedens
315 2106 502 2192 clavumque
515 2109 597 2194 regit
610 2105 749 2192 velisque
764 2111 929 2172 ministrat.

110 2206 205 2295 Atque
220 2210 279 2290 illi,
295 2209 399 2274 medio
412 2210 443 2274 in
459 2210 569 2295 spatio,
584 2209 700 2276 chorus
714 2231 789 2276 ecoe
804 2231 930 2276 suarum

108 2309 247 2377 Occurrit
261 2314 423 2392 comitum,
437 2310 606 2397 Nymphae,
620 2331 699 2397 quaa
714 2311 795 2376 alma
811 2311 948 2397 Cybebe

109 2411 222 2482 Numen
237 2415 361 2481 habere
374 2416 481 2494 maris,
496 2413 724 2499 Nymphasque
738 2435 756 2478 e
772 2414 902 2478 navibus
917 2435 995 2496 esse,
1101 2457 1105 2466 ·

108 2515 259 2583 iusserat:
286 2517 436 2582 innabant
450 2520 578 2602 pariter,
593 2517 765 2601 fluctusque
779 2517 940 2598 secabunt,

107 2617 183 2700 Quot
196 2617 285 2706 priris
301 2631 406 2683 aeratae
420 2631 570 2683 steterant
584 2617 624 2682 ad
641 2618 744 2682 littora
758 2639 872 2704 prora).

109 2723 281 2808 Agnoscunt
297 2720 389 2808 longe
402 2743 519 2808 regem,
533 2719 724 2806 lustrantque
738 2720 873 2786 choreis.

105 2823 238 2902 Quarum
253 2843 327 2912 quae
342 2823 429 2888 fandi
444 2823 623 2890 doctissima
638 2823 853 2910 Cymodocea,

107 2925 185 2993 Puni
198 2947 346 3016 sequens,
359 2925 473 2992 derel
487 2927 614 3013 puppim
629 2939 722 3008 tenet,
736 2927 866 3014 ipsaque
881 2925 975 2994 dorso

105 3029 231 3113 Eminet,
246 3055 286 3098 ac
304 3029 384 3096 lteri
399 3031 501 3096 tacitis
515 3031 705 3117 subremigat
720 3030 821 3098 undis.

105 3129 178 3200 Tum
192 3137 238 3202 sic
253 3138 399 3224 ignarum
413 3133 596 3220 alloquitur:
619 3133 791 3220 Vigilasne,
805 3134 899 3200 defim
913 3159 998 3224 gens,

104 3233 222 3304 AEneal
242 3239 356 3328 vigila,
370 3252 402 3304 et
414 3238 495 3304 velis
509 3238 638 3302 immitte
652 3236 809 3302 rudentes.

102 3335 162 3406 lios
176 3363 284 3408 sumus
302 3341 396 3406 ldreae
410 3361 503 3408 sacro
517 3339 558 3406 de
573 3343 692 3406 vertice
706 3342 805 3426 pinus,
1072 3355 1135 3416 230

102 3439 186 3508 Nunc
200 3445 311 3533 pelagi
325 3443 495 3532 Nympha,
508 3441 617 3509 classis
632 3455 696 3508 tua.
742 3443 881 3510 Perfidus
895 3459 929 3512 ut
942 3469 999 3515 moa

102 3541 383 3644 Pracipitesperro
396 3545 527 3613 Rutulus
543 3545 727 3632 flammaque
742 3549 915 3632 premebat,

103 3639 251 3735 Rupimus
267 3651 376 3717 invitm
391 3663 445 3715 tua
460 3649 595 3729 vincula,
611 3663 703 3736 teque
718 3671 897 3736 persequor

100 3750 285 3833 Quaerimus.
332 3755 429 3819 Hauc
442 3754 583 3841 genetrix
599 3753 712 3818 taciem
726 3755 872 3818 miserata
883 3755 1004 3840 refecit,

102 3857 139 3922 Et
151 3860 240 3928 dedit
255 3883 329 3927 ease
342 3860 431 3942 deas,
445 3879 607 3947 auumque
623 3861 740 3947 agitare
752 3863 812 3926 sub
826 3862 927 3927 uudb.
1072 3871 1133 3932 28⁵

100 3965 138 4026 At
150 3987 231 4050 puer
246 3966 405 4030 Ascanius
414 3985 505 4030 muro
519 3965 669 4050 famisque
684 3979 806 4030 tenetur
914 4001 924 4022 ·

101 4061 176 4132 Tela
190 4069 275 4134 inter
290 4067 397 4132 medie
410 4081 505 4152 atqua
520 4066 682 4133 horrentem
698 4065 800 4133 Marte
814 4065 953 4135 ledros
