2756 5010
231 463 290 520 230
678 459 868 518 anemos·

270 615 298 682 It
312 638 439 696 comes;
459 630 490 681 et
499 617 623 704 juvenis
639 617 807 702 quondam,
819 639 903 685 nunc
918 619 1054 700 ioemina,
1069 620 1181 700 Caeois,

270 719 391 784 Rursus
406 732 437 784 et
451 721 482 786 in
497 733 635 786 veterem
649 721 714 785 fato
728 720 870 786 revoluta
884 722 1025 808 figuram.

269 823 355 888 Inter
370 845 448 909 quas
464 823 625 890 Phoenissa
640 845 752 888 recens
766 844 785 888 a
800 823 929 892 vulnere
948 824 1034 890 Dido
1239 827 1283 886 110

269 925 407 990 Errabat
421 925 500 990 silvei
514 926 544 989 in
560 924 688 1012 magud:
712 946 806 1010 quam
820 925 936 992 Troius
952 926 1046 992 beros

270 1026 315 1092 Ut
328 1026 462 1114 primdm
472 1030 564 1115 juxte
578 1030 671 1108 stetit,
686 1029 873 1116 agnovitque
887 1049 945 1116 per
958 1030 1105 1096 umbram

268 1131 456 1213 Obscuram,
472 1130 597 1216 qualem
611 1135 713 1217 primo
727 1133 781 1216 qui
795 1153 923 1218 surgere
938 1153 1045 1202 mense

269 1237 332 1300 Aut
346 1235 431 1300 videt
446 1249 500 1300 aut
514 1235 629 1300 vidisse
644 1249 732 1320 putet
746 1256 803 1320 per
817 1233 925 1300 nubila
941 1233 1053 1315 lunam,

266 1337 403 1406 Demisit
417 1337 587 1424 lacrymas,
601 1336 747 1424 dulcique
763 1336 874 1403 affatus
888 1359 995 1402 amore
1010 1351 1075 1402 est:

267 1441 380 1505 Infelix
395 1439 492 1520 Dido,
505 1461 598 1506 uerus
612 1441 688 1506 mihi
702 1441 823 1506 nuntius
838 1461 911 1527 ergo

267 1543 410 1610 Venerat
425 1546 604 1625 extinctam,
615 1545 762 1629 ferroque
777 1557 918 1608 extrema
932 1545 1087 1610 secutam!

268 1647 409 1727 Funeris,
424 1647 504 1712 heu!
527 1649 585 1713 tibi
600 1668 697 1716 causa
712 1647 772 1711 sui!
795 1648 857 1710 Per
869 1647 974 1715 sidera
985 1649 1067 1734 juro,

268 1749 330 1816 Per
344 1773 482 1837 superos,
498 1765 529 1815 et
543 1753 569 1818 si
584 1773 646 1837 qua
661 1751 739 1816 fides
753 1749 864 1816 tellure
879 1751 938 1823 sub
953 1749 1016 1818 int
1029 1764 1086 1830 est,

267 1855 393 1936 invitus,
408 1857 527 1940 regina,
542 1869 594 1920 tuo
609 1853 649 1920 de
665 1853 768 1919 littore
782 1853 873 1924 cessi.
934 1907 938 1918 .
1203 1897 1212 1917 .
1238 1854 1288 1916 460

268 1955 332 2022 Sed
347 1978 396 2021 me
407 1958 496 2044 jussa
510 1957 614 2037 deum,
628 1979 698 2043 quae
714 1978 795 2022 nunc
812 1955 869 2022 bas
884 1957 930 2022 ire
944 1978 1003 2042 per
1018 1957 1158 2038 umbras,

267 2059 328 2124 Per
343 2059 414 2124 loca
427 2074 515 2124 senta
530 2061 588 2124 situ
603 2073 727 2146 cogunt,
742 2073 927 2145 noctemque
941 2058 1142 2146 profundam,

266 2163 408 2250 imperiis
423 2163 516 2250 egere
531 2167 615 2244 suis,
637 2185 695 2228 nec
710 2163 843 2230 credere
858 2165 946 2248 quivi

266 2265 363 2330 Hunc
376 2277 496 2331 tantum
511 2267 567 2330 tibi
583 2289 633 2332 me
647 2265 786 2330 discessu
802 2267 884 2330 ferre
898 2265 1051 2332 dolorem.
1138 2263 1142 2270 ’

267 2369 348 2436 Siste
363 2369 504 2456 gradum,
519 2383 613 2455 teque
628 2369 779 2456 adspectu
794 2391 835 2436 ne
850 2368 1001 2434 subtrahe
1016 2382 1136 2434 nostro.
1239 2369 1290 2430 465

265 2473 368 2556 Quem
382 2472 482 2560 fugis?
504 2488 677 2540 extremum
692 2473 757 2540 sato
772 2471 856 2558 quod
872 2485 902 2537 te
917 2472 1061 2564 alloquor
1076 2471 1141 2538 boe
1155 2483 1209 2537 est·

265 2575 397 2642 Talibus
412 2575 533 2645 AEneas
548 2575 709 2642 ardentem
719 2583 757 2654 ut
771 2589 858 2640 torva
873 2565 1021 2674 tuentey'r'

264 2677 403 2744 Leuibat
416 2679 670 2759 dictisanimum,
685 2679 907 2764 lacrymasque
922 2675 1040 2744 ciebat.

265 2783 323 2848 ilia
337 2783 404 2848 solo
419 2783 499 2850 fixos
513 2783 620 2848 oculos
635 2805 747 2848 aversa
761 2783 910 2860 tenebat;

263 2885 295 2952 N
297 2909 334 2952 ec
348 2887 446 2972 magis
462 2887 585 2970 incepto
600 2883 716 2950 vultum
728 2905 872 2950 sermone
886 2897 1039 2964 movemr,
1244 2883 1295 2944 170

264 2988 366 3070 Quam
381 2991 408 3051 si
422 2985 503 3051 dura
517 2986 596 3050 silex
612 2998 665 3052 aut
679 2999 740 3052 stet
754 2988 916 3073 Marpesia
931 3001 1051 3054 cautes.

264 3090 408 3155 Tandem
423 3089 574 3175 corripuit
588 3110 667 3169 sese,
682 3104 776 3172 atque
792 3090 918 3156 inimica
932 3092 1045 3178 refugit

264 3193 299 3258 in
314 3215 421 3258 nemus
436 3193 650 3270 umbriferum,
664 3194 780 3279 conjux
794 3193 849 3258 ubi
864 3195 1011 3279 pristinus
1025 3192 1071 3258 ilii
1103 3245 1104 3248 η

264 3294 447 3381 Respondet
461 3299 556 3376 curis,
570 3287 736 3380 aequatque
752 3295 907 3382 sychaeus
923 3317 1072 3374 amorem.

262 3399 331 3466 Nec
347 3397 446 3466 minda
461 3398 582 3466 AEneas
594 3421 670 3465 casu
685 3421 853 3484 percussus
866 3400 972 3486 iniquo
1245 3404 1299 3463 tiu

264 3504 467 3590 Prosequitur
482 3503 664 3590 lacrymans
678 3502 779 3590 longe,
795 3517 826 3568 et
841 3505 1006 3578 miseratur
1021 3517 1162 3573 euntem.

306 3606 383 3672 inde
397 3606 504 3672 datum
519 3605 644 3674 molitur
659 3605 737 3670 iter:
756 3608 886 3694 jamque
901 3628 979 3679 arva
994 3608 1149 3676 tenebant

262 3709 393 3792 Ultima,
408 3732 477 3797 quae
493 3709 578 3775 bello
592 3709 672 3776 clari
686 3723 809 3776 secreta
824 3712 1034 3796 frequentant.

263 3816 330 3882 Hic
346 3814 390 3879 illi
405 3815 540 3880 occurrit
555 3812 697 3900 Tydeus,
712 3813 765 3878 hic
780 3814 919 3902 inclytus
933 3815 1029 3880 armis

262 3914 704 4004 Parthenopaeus,etAdresti
720 3915 865 4002 pallentis
879 3918 1028 4004 imago..-t
1251 3919 1304 3992 480

261 4021 328 4086 Hic
344 4017 472 4086 muititm
487 4021 550 4085 fleti
565 4019 607 4086 ed
622 4041 761 4107 superos,
775 4019 922 4106 belloque
936 4021 1060 4101 caduci,

259 4123 473 4204 Dardanidae;
494 4143 572 4210 quos
585 4123 638 4194 iiie
652 4145 759 4216 omues
773 4122 865 4212 longo
879 4123 991 4199 ordine
1005 4143 1148 4204 cerneus,
