2928 5002
590 442 871 503 BUCOLlCOllUM

241 591 311 656 Nec
324 591 438 656 tantum
454 591 608 678 Rhodope
624 594 768 658 mirantur
783 607 815 657 et
829 591 961 656 Ismarus
977 595 1114 679 Orphea.

211 761 214 768 ,
285 701 428 786 Namque
444 702 584 780 canebat,
601 699 643 766 uti
659 723 802 786 magnum
818 703 978 788 perinane
995 720 1106 770 coacta

242 804 367 868 Semina
382 819 590 892 terrarumque
606 807 774 892 animeque
789 807 941 893 marisque
957 807 1092 888 fuissent,

240 909 284 975 Et
299 911 402 995 liquidi
418 912 507 977 simul
522 913 618 995 ignis:
641 913 736 976 uthis
752 912 879 978 exordia
894 914 998 997 primis

241 1018 364 1094 Omnia,
380 1020 491 1104 etipse
507 1031 593 1082 tener
609 1017 714 1080 mundi
730 1018 920 1084 concreverit
934 1019 1037 1084 orbis:

240 1120 323 1184 Tum
340 1122 448 1186 durare
465 1123 573 1199 solum,
590 1134 621 1184 et
636 1121 809 1186 discludere
825 1122 932 1185 Nerea
946 1138 1039 1208 ponto

240 1226 390 1313 Coeperit,
407 1243 437 1291 et
451 1247 554 1292 rerum
569 1225 714 1309 paulatim
730 1245 851 1288 sumere
868 1224 1000 1292 formas:

239 1330 370 1415 Jamque
387 1351 497 1394 novom
512 1343 598 1394 terre
615 1343 754 1414 stupeant
769 1329 928 1394 lucescere
944 1332 1062 1414 solem;

238 1435 337 1498 Altius
353 1449 443 1518 atque
459 1433 570 1497 cadant
584 1433 730 1496 submotis
745 1433 874 1496 nubibus
889 1437 1023 1501 imbres:

237 1537 386 1623 Incipiunt
400 1538 480 1602 silve
497 1559 589 1622 quum
605 1537 735 1622 primam
750 1559 887 1623 surgere,
904 1562 1058 1630 quumque

238 1647 324 1711 Rara
338 1669 394 1732 per
410 1648 526 1730 ignotos
542 1661 644 1710 errent
659 1645 799 1710 animalia
813 1663 942 1714 montes.

282 1751 364 1816 Hinc
379 1752 497 1836 lapides
511 1749 637 1836 Pyrrhe
647 1751 758 1836 jactos,
776 1749 918 1817 Saturnia
932 1777 1042 1841 regua,

238 1855 467 1941 Caucasiasque
483 1855 577 1921 refert
590 1857 741 1935 volucres,
752 1856 926 1943 furtumque
941 1860 1130 1929 Promethei.

238 1960 297 2024 llis
313 1961 457 2045 adjungit,
474 1957 576 2044 Hylan
592 1959 689 2022 naut'ae
706 1982 766 2044 quo
783 1959 864 2026 fonte
880 1965 1019 2028 relictum

239 2063 453 2142 Clamissent3
475 2078 509 2126 ut
523 2064 615 2149 littus,
633 2083 730 2140 urna,
749 2083 847 2142 nana,
863 2087 954 2129 omne
969 2085 1099 2135 sonaret.

235 2168 289 2247 Et,
306 2168 487 2233 fortunatam
503 2170 528 2233 si
545 2187 699 2250 nunquam
716 2165 853 2231 armenta
867 2166 1004 2248 fuissent,

235 2273 408 2358 Pasiphaiin
424 2274 505 2337 nivei
520 2273 633 2337 solatur
649 2295 753 2336 amore
763 2273 909 2358 juvenci:

234 2381 305 2445 Ah!
329 2383 414 2464 virgo
429 2379 546 2460 infelix,
563 2401 628 2464 quae
641 2393 671 2443 te
688 2379 842 2444 dementia
857 2382 960 2465 cepit!

235 2485 388 2551 Proetides
400 2485 563 2570 implerunt
579 2484 661 2548 falsis
676 2486 839 2569 mugitibus
855 2507 964 2569 agros3

234 2591 277 2655 At
292 2613 350 2655 non
366 2603 427 2653 tam
443 2603 548 2675 turpes
562 2581 716 2674 pecudum
732 2601 834 2652 umen
850 2589 912 2652 ulla
927 2603 1031 2655 secuta
1047 2606 1093 2658 est

235 2693 434 2771 Concubitus,
451 2692 588 2779 quamvis
603 2693 682 2757 collo
697 2693 845 2756 timuisset
861 2705 1003 2771 aratrum,

235 2799 279 2862 Et
295 2799 374 2883 saepe
391 2801 421 2862 in
437 2801 496 2862 levi
512 2796 669 2883 quesisset
684 2817 797 2860 cornua
812 2797 922 2860 fronte.

234 2905 306 2967 Ah!
331 2903 414 2985 virgo
429 2899 545 2978 infelix,
561 2913 593 2961 tu
610 2921 691 2962 nunc
706 2901 736 2961 in
752 2901 904 2966 montibus
919 2923 1023 2967 erras:

233 3009 299 3084 llle,
315 3007 392 3069 latus
408 3004 528 3067 niveum
544 3003 625 3066 molli
642 3003 733 3068 fultus
747 3005 921 3089 hyacintho,

233 3113 307 3178 llice
324 3111 379 3175 sub
394 3107 481 3192 nigri
494 3108 642 3192 pallentes
657 3110 787 3174 ruminat
802 3110 924 3191 herbas,

234 3220 297 3280 Aut
308 3216 439 3300 aliquam
451 3214 481 3276 in
492 3233 602 3298 magno
611 3214 746 3297 sequitur
756 3235 861 3300 grege.
875 3213 1029 3298 Claudite,
1039 3219 1072 3283 N
1071 3219 1202 3306 ymphae,
1213 3225 1254 3285 55

235 3322 360 3386 Dictaeae
376 3319 540 3405 Nymphae,
555 3340 714 3384 nemorum
726 3318 791 3405 jam
807 3321 940 3385 claudite
956 3326 1070 3405 saltus3

236 3428 269 3490 Si
287 3423 346 3512 qui
361 3423 437 3488 sorte
453 3423 551 3488 ferant
566 3424 661 3488 oculis
676 3446 745 3489 sese
761 3425 850 3489 obvia
864 3428 972 3491 nostris

234 3531 417 3596 Errabunda
432 3529 517 3593 bovis
531 3529 678 3613 vestigia:
702 3528 824 3595 forsitan
839 3530 933 3608 illum,

235 3641 297 3702 Aut
311 3635 407 3701 herbis
419 3650 542 3720 captum
557 3636 655 3714 viridi,
673 3649 723 3700 aut
739 3651 875 3702 armenta
885 3653 1033 3715 secutum,

233 3743 410 3807 Per-ducant
426 3741 530 3825 aliquae
547 3741 662 3804 stabula
678 3742 717 3804 ad
734 3741 881 3825 Gortynia
896 3763 1010 3806 vacce.
1210 3749 1252 3810 60

276 3849 360 3912 Tum
376 3847 456 3910 canit
472 3845 679 3932 Hesperidum
695 3847 832 3910 miratam
848 3847 927 3912 mala
942 3848 1096 3932 puellam:

232 3952 315 4018 Tum
332 3951 589 4015 Phaethontiadas
604 3970 710 4017 musco
725 3952 895 4017 circumdat
910 3973 1019 4016 amaru

233 4057 375 4134 Corticis,
392 4069 481 4138 atque
497 4055 562 4119 solo
576 4075 719 4140 proceras
735 4056 821 4139 erigit
837 4057 931 4122 alnos.

233 4165 316 4228 Tum
332 4161 414 4227 canit
427 4173 576 4225 errantem
593 4158 747 4225 Permessi
764 4161 802 4224 ad
817 4159 941 4226 flumina
956 4157 1078 4224 Gallum
