2756 5010
505 522 621 586 musti
641 523 690 584 lv.

107 688 287 774 Litteraque
301 697 333 760 et
346 697 465 752 vacuos
479 689 575 751 sensit
589 691 657 752 sine
671 667 791 775 remige
805 699 934 775 portus3

109 789 227 877 Terque
242 801 417 876 quaterque
431 807 526 852 manu
540 801 649 874 pectus
663 805 815 875 percussa
829 789 988 870 decorum,

108 889 328 978 Flaventesque
344 891 487 957 abscissa
501 911 627 956 comas:
652 891 734 958 Proh
750 893 894 978 Jupiter!
916 891 975 957 ibit
1076 899 1138 958 590

109 995 178 1074 llic,
188 999 240 1078 ait,
251 1010 282 1061 et
296 997 410 1062 nostris
426 993 559 1059 illuserit
575 995 698 1061 advena
713 999 841 1082 regnis?

108 1095 173 1162 Non
186 1117 272 1164 mma
287 1097 467 1185 expedient,
482 1098 609 1184 totisque
624 1119 665 1162 ex
679 1099 759 1163 urbe
775 1111 954 1184 sequentur,

108 1199 327 1289 Deripientque
341 1215 425 1267 rates
440 1200 495 1266 alii
510 1199 697 1268 navalibusl
739 1202 804 1265 lte:

109 1301 192 1368 Ferte
206 1307 260 1368 citi
275 1305 425 1386 dammas,
440 1303 513 1369 date
529 1303 610 1384 vela,
624 1301 777 1389 impellite
793 1319 908 1368 remos.

107 1403 184 1486 Quid
194 1403 324 1492 loquor?
344 1419 398 1471 aut
406 1406 460 1471 ubi
470 1409 559 1470 sum?
573 1425 643 1491 quae
653 1419 787 1470 mentem
797 1406 920 1470 insania
929 1407 1047 1470 mutati
1073 1413 1135 1472 595

109 1507 209 1573 lnielix
222 1507 327 1575 Dido!
349 1531 432 1576 nunc
446 1522 477 1575 te
492 1511 577 1577 sacta
591 1513 690 1594 impia
704 1521 844 1596 tangunt.

109 1608 181 1676 Tum
194 1611 308 1695 decuit,
323 1635 419 1700 quum
433 1627 559 1702 sceptra
574 1611 686 1678 dabas.
730 1613 779 1678 En
795 1611 910 1678 dextra
925 1609 1085 1699 fidesque!

108 1711 198 1795 Quem
212 1735 318 1781 secum
332 1719 453 1802 patrios
467 1721 554 1786 aiunt
567 1713 710 1803 portisse
726 1710 869 1796 Penates,
944 1726 953 1736 ’

108 1813 199 1896 Quem
211 1818 344 1883 subiisse
359 1817 498 1884 humeris
512 1819 689 1884 confectum
703 1829 796 1882 aetate
814 1818 998 1904 parentem!

107 1913 170 1983 lion
183 1925 264 2005 potui
279 1905 446 2008 abrqrtum
462 1921 614 2008 divellere
629 1941 753 2007 corpus,
768 1933 799 1985 et
812 1919 905 1985 undis
1071 1923 1133 1983 600

108 2019 270 2108 Spargerel
291 2045 353 2091 non
368 2027 480 2106 socius,
494 2043 557 2091 non
572 2029 674 2112 ipsum
689 2025 855 2090 absumere
870 2025 956 2089 ferro

107 2125 269 2209 Ascanium,
283 2133 460 2215 patriisque
474 2129 664 2215 epulandum
678 2151 796 2216 ponere
811 2131 947 2194 mensisl

107 2225 215 2294 Verdm
229 2253 344 2319 anceps
358 2251 470 2320 pugnae
485 2233 588 2298 iuerat
603 2233 738 2299 fortuna.
783 2232 917 2296 Fuisset.

105 2329 197 2412 Quem
209 2339 301 2400 metui
317 2339 490 2400 moritura?
531 2322 636 2399 Faces
651 2337 683 2398 in
698 2345 802 2398 castra
817 2333 975 2414 tulissem

106 2433 334 2526 implessemque
347 2439 432 2504 loros
447 2439 600 2518 flammis3
622 2451 792 2524 natumque
806 2449 991 2524 patremque
1068 2443 1129 2502 605

104 2537 177 2605 Cum
190 2564 299 2628 genere
314 2541 495 2608 extinxbm:
518 2554 633 2607 memet
647 2564 742 2628 super
757 2545 827 2627 ipsa
842 2539 1011 2605 dedissem.

105 2639 160 2720 sot,
173 2647 224 2727 qui
237 2659 390 2710 terrarum
405 2643 539 2711 flammis
554 2665 652 2730 opera
666 2646 772 2710 omnia
792 2643 916 2722 lustras,

103 2740 205 2829 Tuque
218 2745 327 2812 barum
342 2749 498 2833 interpres
512 2765 661 2810 curarum
676 2758 708 2809 et
721 2747 850 2810 conscia
865 2745 958 2825 June,

102 2841 318 2936 Nocturnisque
333 2849 459 2916 Hecate
474 2853 576 2914 triviis
590 2847 709 2914 ululata
722 2869 781 2935 per
795 2849 900 2929 urbes,

32 2956 36 2967 ‘
101 2943 138 3009 itt
150 2946 233 3014 Dirae
247 2950 385 3033 ultrices,
399 2963 430 3016 et
444 2952 480 3016 di
493 2955 654 3018 morientis
669 2949 791 3033 Elissae,
1065 2957 1153 3016 610¹

100 3047 234 3136 Accipite
248 3051 316 3134 haec
341 3057 548 3139 meritumque
562 3053 654 3119 malis
668 3053 824 3119 advertite
839 3075 963 3134 numen,

100 3147 137 3214 Et
148 3165 264 3220 nostras
278 3155 384 3222 audite
399 3131 544 3243 prende!
569 3159 602 3221 Si
617 3171 746 3243 tangere
762 3171 870 3244 portus

98 3248 250 3320 lusandum
264 3271 361 3344 caput
374 3280 412 3323 ac
426 3261 519 3324 terris
534 3258 654 3324 adnare
668 3279 798 3324 necesse
813 3272 870 3340 est,

97 3349 133 3416 Et
146 3358 189 3420 sic
205 3357 265 3424 iata
279 3359 370 3424 Juris
383 3373 526 3447 poscunt,
541 3359 594 3424 hic
609 3363 759 3425 terminus
774 3359 874 3424 hoeret
887 3387 897 3441 3

94 3457 132 3519 m
145 3457 227 3524 bello
240 3462 370 3528 audacis
383 3463 492 3550 populi
506 3477 639 3528 vexatus
654 3476 685 3528 et
700 3466 805 3545 armis,
1061 3471 1122 3530 615

94 3555 218 3628 Finibus
230 3569 374 3647 extorris,
388 3565 557 3652 complexu
571 3563 698 3631 avulsus
713 3551 784 3645 tuli,

91 3663 243 3732 Auxilium
256 3667 412 3756 imploret,
426 3667 596 3754 videatque
611 3666 740 3756 indigna
754 3687 880 3731 suorum

92 3762 116 3825 F
116 3787 228 3850 unera3
248 3793 318 3854 nec,
332 3793 427 3859 qmun
441 3793 476 3838 se
491 3772 550 3838 sub
565 3771 650 3858 leges
663 3773 754 3857 pacis
768 3771 884 3854 iniquae

90 3867 276 3956 Tradiderit,
289 3895 388 3962 regno
402 3888 455 3941 aut
470 3874 578 3962 optatis
593 3873 663 3940 luce
678 3873 817 3953 lunatum

89 3969 147 4038 Sed
162 3975 255 4042 cadat
270 3993 341 4044 ante
356 3977 453 4062 diem,
466 3977 634 4065 mediaque
648 3977 825 4042 inhumatus
841 3971 981 4087 arena-q
1055 3985 1119 4044 620

87 4073 165 4141 Huc
178 4099 313 4163 precor:
333 4081 419 4148 hanc
433 4102 545 4149 vocem
557 4095 730 4147 extremam
740 4101 812 4145 cum
822 4083 972 4168 sanguine
982 4075 1090 4154 frunda.

86 4173 162 4246 Ttuu
176 4201 243 4266 vos,
256 4204 277 4249 0
290 4182 397 4270 Tyrii,
411 4188 543 4273 stirpem
557 4197 588 4252 et
602 4203 700 4274 genus
713 4202 805 4251 omne
819 4183 955 4252 futurum
