2890 5002
611 399 725 468 LIBER
745 409 767 470 1.

184 551 226 616 Ni
243 547 350 630 faciat,
365 553 476 632 maria,
492 573 531 616 ac
546 565 654 634 terras,
669 556 845 644 coelumque
860 555 1066 644 profundum‚'

183 654 311 739 Quippe
327 655 427 718 lerant
442 654 548 740 rapidi
563 677 677 738 seeum,
692 673 880 746 verrantque
895 683 952 747 per
967 684 1071 728 auras·

181 755 249 818 Sed
262 769 355 841 pater
369 760 566 841 omnipotens
581 757 737 844 speluncis
753 761 876 826 abdidit
891 767 978 844 atris,
1180 769 1221 827 00

183 859 259 922 Hoc
275 874 433 924 metuens:
457 859 634 946 molemque
648 877 680 926 et
695 879 813 928 montes
828 869 955 952 insuper
969 867 1051 933 altos
1086 859 1089 868 ’

185 960 358 1046 lmposuit3
380 983 549 1048 regemque
565 963 662 1044 dedit,
678 969 731 1050 qui
747 965 865 1031 loedere
880 984 967 1033 certo

186 1063 225 1128 Et
240 1086 396 1148 premere,
411 1079 442 1130 et
456 1063 546 1130 laxas
561 1069 656 1130 sciret
671 1067 749 1131 dare
759 1071 863 1154 jussus
879 1068 1054 1136 habenas-l

185 1165 235 1230 Ad
251 1187 345 1251 quem
360 1181 424 1231 tum
438 1168 521 1232 Juno
536 1167 668 1254 supplex
684 1168 733 1233 lris
747 1171 879 1234 vocibus
893 1193 950 1236 usa
966 1186 1076 1254 estzq.

228 1268 319 1334 AEole
334 1271 482 1356 (namque
497 1272 555 1335 tibi
571 1270 678 1336 divum
693 1287 783 1357 pater
798 1287 892 1360 atque
908 1273 1066 1340 hominum
1080 1297 1139 1342 rex
1177 1284 1218 1342 65

186 1371 226 1434 Et
241 1370 378 1436 mulcere
393 1372 480 1436 dedit
495 1373 615 1453 fluctus,
630 1386 660 1438 et
675 1373 784 1438 tollere
799 1378 915 1460 vento),

184 1475 269 1540 Gens
285 1479 414 1556 inimica
429 1476 506 1540 mihi
522 1475 725 1562 Tyrrhenum
739 1479 866 1564 navigqt
880 1501 997 1564 aequor,

186 1576 275 1643 llium
291 1583 324 1643 in
339 1577 462 1644 ltaliam
476 1594 615 1666 portans,
629 1584 790 1666 victosque
807 1581 955 1648 Penates:

185 1681 292 1746 lucute
307 1685 373 1746 virn
387 1686 497 1764 ventis,
511 1683 752 1767 submersasque
767 1684 867 1748 obrue
882 1705 1024 1770 puppes;

189 1787 250 1850 Aut
265 1805 325 1872 age
340 1785 492 1866 diversos,
503 1800 534 1849 et
548 1785 659 1873 disjice
674 1807 809 1871 corpora
823 1800 930 1870 ponto.
1180 1794 1220 1853 70

190 1889 266 1952 Sunt
280 1887 360 1952 milri
375 1887 425 1952 bis
440 1902 558 1974 septem
573 1887 1063 1978 praestantiqcorporeNymphae,

185 1990 337 2072 Quarum,
353 2013 422 2076 quae
437 1989 537 2054 formai
550 1989 774 2076 pulcherrima,
788 1989 964 2076 Deiopeam

185 2092 352 2158 Connubio
363 2095 492 2190 jungam
507 2092 623 2172 stabili,
638 2095 859 2180 propriamque
874 2093 1008 2174 dicab03

183 2195 300 2260 Omnes
316 2209 350 2260 ut
364 2210 467 2262 tecum
482 2199 600 2261 meritis
615 2218 673 2282 pro
688 2197 803 2261 talibus
818 2219 916 2262 annos

184 2295 309 2384 Erigat,
325 2311 356 2361 et
371 2296 503 2382 pulchra
518 2297 613 2362 iaciat
628 2311 658 2360 te
673 2297 761 2384 prole
776 2312 948 2383 parentem.
971 2341 976 2385 q
1178 2306 1217 2365 75

228 2399 336 2462 AEolus
351 2398 420 2463 brec
434 2401 559 2464 contre:
582 2397 680 2478 Tuus,
694 2422 714 2463 o
728 2403 847 2484 regina,
862 2398 938 2483 quid
953 2410 1042 2484 optes

186 2501 364 2588 Explorare
379 2501 488 2582 labor3
509 2501 588 2566 mihi
599 2503 689 2588 jussa
702 2521 870 2586 capessere
885 2500 933 2562 las
948 2513 1006 2562 est.

183 2605 237 2670 'l'u
252 2604 329 2670 mihi
344 2603 561 2691 quodcumque
576 2604 637 2669 hoc
652 2607 751 2690 regni,
767 2615 799 2667 tu
813 2615 939 2688 sceptra
952 2602 1126 2688 lovemque

185 2707 366 2788 Concilias3
389 2721 420 2772 tu
436 2709 492 2773 das
508 2707 609 2795 epulis
625 2708 812 2772 accumbere
827 2705 945 2788 diutim,

181 2813 433 2897 Nimbus-umque
448 2813 527 2876 iacis
541 2824 820 2898 tempestatumque
834 2821 1003 2898 potentem.
1177 2815 1217 2874 80

221 2915 305 2978 Hae
321 2914 377 2977 ubi
392 2913 487 2992 dicta,
501 2933 613 2977 cavum
629 2909 781 2977 conversa
795 2908 927 2998 cuspide
942 2921 1076 2976 montem

183 3014 313 3101 Impulit
327 3019 359 3080 in
376 3015 472 3080 latus:
496 3037 535 3079 ac
549 3017 644 3096 venti,
659 3013 743 3077 velut
758 3015 882 3100 agmine
898 3013 991 3094 lacto,

182 3119 258 3201 Qud
272 3119 347 3183 data
362 3131 462 3206 porta,
477 3131 578 3198 ruunt,
594 3130 624 3180 et
639 3130 739 3182 terras
754 3117 878 3180 turbine
893 3115 1037 3200 perflant.
1084 3137 1093 3156 ·

182 3221 363 3286 Incubuere
377 3225 467 3300 mari,
483 3234 640 3306 totumque
655 3241 674 3284 a
689 3218 816 3284 sedibus
830 3221 902 3282 imis

182 3323 260 3390 Unci
275 3327 439 3412 Eurusque
455 3327 615 3411 Notusque
629 3338 731 3406 ruunt,
744 3325 919 3409 creberque
933 3323 1082 3410 procellis
1110 3315 1115 3326 ⁸
1177 3335 1216 3390 85

179 3429 331 3508 Africus-3
354 3443 385 3493 et
398 3443 502 3494 vastos
517 3427 645 3494 volvunt
659 3427 700 3494 ad
714 3425 818 3492 littora
834 3425 954 3490 fluctus.

180 3529 364 3614 Insequitur
378 3527 559 3616 clamorque
574 3529 685 3609 vuum,
699 3527 877 3612 stridorque
891 3525 1068 3596 rudentum.

180 3631 332 3716 Eripiunt
347 3631 450 3696 subito
464 3633 562 3698 nubes
577 3631 752 3716 eoelumque
767 3630 912 3716 diemque

177 3735 382 3798 Teucrorum
394 3757 435 3798 ex
449 3733 566 3800 oculis:
588 3747 683 3824 ponto
696 3756 760 3798 nox
774 3733 902 3797 incubat
917 3743 997 3796 aba.

175 3835 353 3902 monuere
366 3836 442 3922 poli,
457 3849 487 3902 et
501 3837 623 3902 crebris
636 3838 732 3902 micat
745 3835 868 3921 ignibus
882 3833 998 3897 aether:
1176 3842 1216 3900 90

176 3941 439 4025 Pmsentemque
453 3945 530 4006 viris
545 3944 696 4006 intentant
709 3943 814 4004 omnia
828 3951 968 4003 mortem.
979 3955 1001 4014 χ

226 4041 397 4128 Extemplo
413 4041 519 4107 AEneae
534 4041 693 4108 solvuntur
707 4043 823 4128 frigore
838 4029 1009 4138 membres·

490 4153 527 4210 14
