2890 5002
214 379 270 438 tao
657 368 845 434 mutuos

252 525 421 612 Virgineas
437 523 503 589 ausi
514 521 594 588 divoe
609 523 787 610 contingere
803 522 912 600 vittas3

254 629 304 694 Ex
320 629 537 728 illo,iluere,ac
552 641 635 691 retro
650 626 797 714 sublapsa
812 623 922 688 referri

257 733 335 818 Spes
350 731 507 810 Danatim,
521 733 629 795 fractae
644 730 736 808 vires,
751 749 863 792 aversa
878 726 946 790 deoe
962 723 1080 802 mensi
1242 733 1309 792 170

257 836 325 901 Nee
340 835 443 900 dubiis
458 855 495 899 ea
511 838 597 919 signa
613 833 699 898 dedit
712 833 854 897 Tritonia
861 831 1030 896 monstris:
1044 873 1052 894 s

255 939 321 1003 Vix
337 938 468 1024 positum
482 938 592 1002 castris
607 929 1084 1020 simulacrumqarsirecontseae'

255 1043 438 1108 Luminibus
453 1041 583 1105 flammae
599 1041 738 1118 arrectis,
753 1039 912 1122 salsusque
926 1059 984 1122 per
998 1049 1083 1100 artus
1183 1121 1185 1130 Ι

258 1143 359 1209 Sudor
374 1145 424 1222 iit;
446 1157 554 1228 terque
570 1144 637 1227 ipsa
653 1140 719 1204 solo
733 1139 890 1220 (mirabile
904 1139 1003 1222 dictu)

255 1245 400 1328 Emicuit,
414 1265 618 1330 parmamque
632 1245 734 1306 ferens
749 1243 932 1326 hastamque
943 1253 1136 1306 trementem.
1239 1246 1303 1306 175

257 1347 423 1432 Extemplo
439 1344 586 1409 tentanda
597 1343 670 1429 lugd
684 1344 769 1407 canit
783 1363 910 1427 aequora
926 1341 1073 1422 Calchas,

255 1449 324 1516 Nee
340 1472 430 1536 posse
446 1447 598 1534 Argolicis
605 1447 921 1531 exscindi-Pergama
935 1443 1013 1524 telis,

255 1554 369 1619 Omina
384 1553 415 1616 ni
430 1565 571 1637 repetant
587 1551 687 1637 Argis,
704 1571 876 1634 numenque
891 1548 1043 1612 reducant

255 1656 348 1740 Quod
363 1656 474 1742 pelago
488 1671 519 1719 et
533 1655 636 1720 curvis
651 1675 755 1718 secum
771 1651 908 1717 avexere
921 1651 1047 1716 earinis.

256 1758 298 1824 Et
311 1780 402 1837 nunc,
417 1757 500 1843 quod
515 1759 633 1843 patrias
643 1769 736 1821 vento
751 1754 869 1842 petidre
884 1754 1047 1839 Mycenae,

254 1865 353 1927 Arma
367 1861 505 1947 deosque
519 1874 630 1947 parant
644 1861 773 1925 comites
787 1887 796 1938 ;
818 1858 990 1945 pelagoque
1006 1879 1148 1924 remenso

255 1965 418 2050 improvisi
433 1964 581 2029 aderunt:
605 1966 647 2029 ita
662 1963 774 2051 digerit
787 1964 890 2029 omina
905 1962 1053 2027 Calchas.

216 2085 218 2094 '
255 2071 362 2152 Hanc,
376 2094 434 2158 pro
450 2070 602 2149 Palladio,
610 2071 725 2151 moniti,
740 2093 798 2157 pro
809 2071 932 2135 numine
947 2069 1030 2150 laeso,

256 2171 397 2260 Effigiem
412 2173 559 2255 statuere,
574 2174 661 2238 nefas
672 2195 742 2259 quaa
758 2173 844 2238 triste
855 2175 969 2259 piaret.

255 2277 351 2342 Hanc
366 2291 470 2343 tamen
483 2278 664 2342 immensam
680 2277 818 2341 Calchas
834 2278 975 2342 attollere
989 2274 1102 2342 molem
1238 2283 1303 2344 185

256 2377 438 2444 Roboribus
453 2381 555 2461 textis,
569 2379 711 2466 coeloque
728 2379 873 2461 educere,
883 2382 985 2468 jussit,

254 2481 304 2548 Ne
319 2487 420 2569 recipi
436 2487 534 2570 portis
548 2499 600 2550 aut
614 2484 687 2552 duci
703 2487 734 2549 in
750 2487 863 2548 moenia
879 2487 985 2570 possit,

255 2583 327 2650 Neu
340 2586 488 2672 populum
504 2587 631 2673 antiqua
647 2589 704 2652 sub
718 2587 882 2673 relligione
897 2590 988 2650 tueri.

254 2687 338 2754 Nam
353 2693 378 2753 si
394 2703 498 2755 vestra
512 2713 620 2756 manus
636 2690 781 2756 violeisset
796 2690 880 2754 dona
895 2691 1057 2770 Minervae,

255 2789 337 2854 'llum
352 2811 497 2875 magnum
513 2795 641 2854 exitium
657 2791 754 2875 (quod
770 2791 805 2854 di
819 2789 905 2876 priris
917 2813 1006 2857 omen
1021 2794 1054 2856 in
1069 2793 1168 2878 ipsum
1237 2799 1305 2858 190

256 2889 463 2972 Convertant)
480 2889 594 2952 Priami
611 2893 743 2976 imperio
759 2891 1001 2979 Phrygibusque
1016 2894 1170 2972 inunum

256 2993 311 3056 Sin
326 2992 469 3055 manibus
484 2995 596 3056 vestris
610 3007 746 3060 vestram
761 2994 952 3061 ascendisset
967 3000 999 3062 in
1014 2997 1133 3077 urbem,

255 3091 348 3159 Ultro
363 3097 471 3159 Asiam
487 3117 598 3182 magno
616 3096 749 3184 Pelopea
765 3100 804 3164 ad
821 3103 935 3164 moenia
951 3097 1034 3164 bello

255 3195 440 3280 Venturam,
455 3213 486 3262 et
500 3212 622 3264 nostros
637 3223 674 3265 ea
690 3203 752 3267 lata
767 3225 893 3268 manere
909 3215 1049 3287 nepotes.
1152 3225 1162 3244 ’

299 3301 432 3366 Talibus
446 3302 579 3384 insidiis,
593 3306 773 3392 perjurique
789 3318 855 3371 arte
871 3308 1003 3386 Sinonis,
1148 3344 1156 3358 ·
1240 3312 1307 3373 tas

256 3403 387 3470 Credita
402 3426 472 3486 res3
493 3410 639 3491 captique
654 3406 735 3470 dolis
751 3408 962 3494 lacrymisque
976 3411 1105 3487 coactis,

256 3507 343 3590 Quos
358 3529 458 3593 neque
474 3507 628 3594 Tydides,
643 3529 700 3571 nee
718 3508 890 3574 Larissaeus
905 3511 1055 3591 Achilles,

256 3609 327 3676 Non
342 3613 415 3674 anni
431 3609 580 3674 domuere
594 3608 714 3690 decem,
729 3633 790 3674 non
805 3611 889 3676 mille
904 3601 1034 3677 carinae.

302 3711 368 3777 Hic
384 3711 582 3798 aliudmajus
597 3714 719 3775 miseris
734 3710 891 3798 multoque
906 3714 1101 3779 tremendum

256 3816 415 3903 Objicitur
430 3817 537 3902 magis,
552 3827 644 3900 atque
659 3814 835 3900 improvida
849 3830 978 3901 pectora
993 3819 1109 3884 turbat.
1138 3814 1147 3887 l
1235 3823 1315 3888 200

257 3921 416 3998 Laocoon,
431 3919 541 3984 ductus
556 3919 700 4004 Neptuno
714 3931 797 3982 sorte
812 3922 970 4000 sacerdos,

259 4026 418 4095 Solemnes
433 4037 553 4092 aruum
567 4027 724 4111 ingentem
737 4025 895 4094 mactabat
909 4024 950 4093 ad
964 4045 1048 4093 aras.
