2890 5002
611 331 727 426 ursan
746 363 795 436 tv.

244 517 391 585 Dixerat.
436 515 492 584 llle
507 519 726 606 patrls'magni
740 543 855 606 parere
868 521 1005 608 parabat

197 624 357 710 Imperio:
381 633 412 686 et
425 619 561 707 primdm
576 622 708 724 pedibus
723 624 839 690 talaria
853 630 950 692 nectit

195 730 318 808 Aurea,
333 747 403 812 quoe
418 723 584 790 sublimem
600 724 669 807 alis,
682 731 750 792 sive
764 749 891 813 aequora
906 753 1010 817 supra,
1176 739 1244 834 240*

198 832 268 896 Seu
281 843 408 910 terram,
421 828 533 914 rapido
546 832 668 915 pariter
682 852 756 895 cum
771 831 895 898 flamine
910 849 1045 920 portant.

195 933 285 998 'I'rrm
300 937 421 1020 virgam
435 935 540 1017 capit:
563 930 623 996 haic
639 937 760 998 animas
772 933 829 998 ille
844 950 955 1000 evocat
970 937 1055 1002 Orco

198 1035 370 1116 Pallentes,
378 1033 464 1099 'alias
478 1033 537 1098 sub
552 1033 689 1099 Tartara
703 1039 806 1100 tristia
820 1040 934 1118 mittit3

196 1137 269 1204 Dat
282 1159 416 1218 somnos,
430 1136 612 1222 adimitque,
627 1151 658 1202 et
672 1137 790 1202 lumina
803 1152 904 1203 morte
919 1144 1078 1227 resignate

197 1241 372 1307 lllafretus
387 1243 451 1327 agit
464 1252 583 1320 ventos,
599 1253 629 1305 et
644 1240 772 1318 turbida
787 1255 891 1307 tranat
977 1287 990 1308 „
1179 1251 1241 1323 24⁵,

200 1343 332 1409 Nubila.
375 1343 509 1428 Jamque
524 1341 633 1408 volans
648 1347 771 1430 apicem
786 1356 817 1407 et
832 1344 932 1410 latera
948 1345 1047 1412 ardua
1062 1351 1163 1412 cernit

201 1446 337 1512 Atlantis
350 1445 431 1526 duri,
445 1444 558 1510 coelum
573 1445 632 1530 qui
641 1446 759 1510 vertice
774 1445 863 1511 fulcit
875 1474 883 1528 ;

201 1549 347 1630 Atlantis,
360 1550 496 1614 cinctum
512 1546 637 1613 assidue
652 1549 702 1613 cui
716 1550 852 1615 nubibus
869 1555 944 1616 atris

202 1651 374 1720 viniferam
388 1664 483 1737 caput
497 1663 529 1715 et
542 1663 635 1715 vento
649 1651 790 1736 pulsatur
805 1666 836 1717 et
851 1654 965 1719 imbri:

198 1754 268 1820 Nix
282 1754 426 1820 humeros
440 1751 544 1817 inlusa
558 1753 653 1839 tegit3
674 1767 739 1816 tum
755 1754 880 1818 flumina
895 1769 998 1821 mento
1084 1808 1091 1822 .
1181 1757 1243 1821 ato

200 1857 407 1942 Praecipitant
420 1855 511 1935 senis,
526 1866 558 1918 et
571 1853 671 1940 glacie
686 1854 766 1940 riget
780 1853 910 1920 horrida
925 1857 1036 1924 barba.

199 1961 272 2026 Htc
285 1957 418 2046 primdm
432 1957 563 2044 paribus
578 1960 679 2022 nitens
694 1956 859 2044 Cyllcnius
874 1959 933 2024 alis

199 2062 367 2128 Constitit:
390 2060 464 2126 ltine
478 2072 543 2124 toto
554 2081 699 2146 praeceps
714 2081 747 2124 se
762 2081 895 2150 corpore
911 2061 952 2128 ad
972 2063 1071 2132 undas

198 2165 311 2244 tsine
332 2165 383 2230 avi
396 2161 514 2243 similis,
528 2184 598 2247 quae
612 2163 730 2228 circum
745 2161 859 2247 littora,
873 2169 994 2233 circum

198 2267 346 2336 Piscosos
359 2265 515 2352 scopulos,
529 2265 653 2330 humilis
668 2263 754 2330 volat
767 2287 895 2352 aequora
905 2271 1009 2356 juxta.
1180 2279 1241 2336 255

199 2368 304 2436 Haud
317 2369 409 2435 aliter
422 2381 524 2434 terras
538 2371 621 2434 inter
634 2367 811 2454 ccelumque
825 2371 955 2437 volabat

196 2472 307 2537 lituis
321 2493 486 2538 arenosum
501 2469 542 2535 ad
557 2470 683 2556 Libyae,
698 2483 869 2555 ventosque
892 2474 1032 2555 secabat,

195 2559 349 2642 Materno
362 2577 492 2640 veniens
507 2573 548 2638 ab
564 2595 624 2639 avo
640 2571 789 2660 Cyllenia
803 2573 921 2660 proles.

245 2676 292 2742 Ut
304 2676 437 2764 primum
451 2676 543 2744 alatis
557 2677 656 2764 tetigit
670 2675 807 2763 magalia
821 2677 946 2764 plantis,

193 2779 326 2849 Emeau
339 2780 520 2847 fundantem
535 2802 626 2846 arces
642 2803 680 2846 ac
695 2793 779 2845 tecta
793 2796 960 2850 novantem
1183 2791 1244 2853 260

194 2885 384 2972 conspicio,
406 2897 500 2970 atque
516 2882 561 2948 illi
574 2883 714 2950 stellatus
729 2883 849 2970 iaspide
860 2885 946 2951 fulva

193 2990 299 3057 Ensis
312 3002 389 3072 erat,
402 2991 568 3076 Tyrioque
582 2988 715 3059 ardebat
729 2992 847 3058 murice
863 2991 944 3060 lana

191 3093 350 3161 Demusa
364 3113 406 3158 ex
419 3091 574 3172 humeris3
596 3090 684 3157 dives
698 3113 768 3176 quae
783 3114 914 3160 munera
928 3093 1014 3160 Dido

192 3187 348 3278 Fecerac
361 3210 393 3262 et
407 3200 492 3262 tenui
506 3196 585 3261 telas
599 3195 793 3262 discreverat
812 3218 900 3262 auro.

189 3301 358 3369 Continuo
371 3299 584 3416 ἰιιναάὶῃΓἸὶι
598 3321 680 3366 nunc
695 3299 897 3386 Carthaginis
913 3300 983 3366 altae
1109 3323 1111 3328 ’
1178 3311 1240 3372 26⁵

188 3401 417 3473 Fundamenta
430 3403 527 3485 locas,
541 3403 768 3490 pulchramque
783 3404 910 3470 uxorius
925 3405 1036 3472 urbem

187 3510 354 3577 Exlruisl
374 3507 456 3573 heu!
478 3507 566 3595 regni
579 3527 746 3592 rerumque
760 3506 861 3574 oblite,
872 3511 1013 3574 tuarum!

187 3616 277 3702 Ipse
291 3610 384 3678 dedm
398 3611 457 3678 tibi
471 3634 521 3678 me
536 3610 623 3678 claro
638 3610 770 3677 demittit
784 3609 924 3697 Olympo

187 3719 372 3803 Regnator,
385 3715 501 3782 cmlum
516 3728 548 3780 et
561 3728 662 3781 terras
678 3715 731 3801 qui
744 3714 869 3780 numine
885 3725 1028 3798 torquet;

184 3824 276 3910 lpse
290 3818 357 3884 hec
370 3819 455 3886 ferre
465 3818 557 3906 jubet
571 3816 693 3884 celeres
707 3813 855 3882 mandata
869 3837 926 3902 per
942 3835 1053 3880 auras:
1178 3825 1241 3884 270

184 3921 288 4011 Quid
302 3925 414 3990 suunt
436 3935 490 3988 aut
506 3922 568 4010 qual
582 3943 639 4010 spe
653 3920 789 4008 Libycis
803 3924 878 3987 teris
893 3921 957 3990 otia
971 3921 1080 3988 terris?

185 4031 228 4096 Si
246 4041 282 4093 te
295 4025 382 4095 nialla
394 4039 501 4094 movet
516 4039 671 4094 tantarum
685 4023 787 4112 gloria
801 4045 916 4106 rerum,

507 4135 547 4193 23
589 4165 591 4171 v
