<?xml version="1.0" encoding="UTF-8"?>
<!DOCTYPE html PUBLIC "-//W3C//DTD XHTML 1.0 Transitional//EN"
    "http://www.w3.org/TR/xhtml1/DTD/xhtml1-transitional.dtd">
<html xmlns="http://www.w3.org/1999/xhtml" xml:lang="en" lang="en">
 <head>
  <title>
</title>
<meta http-equiv="Content-Type" content="text/html;charset=utf-8" />
  <meta name='ocr-system' content='tesseract 3.04.00' />
  <meta name='ocr-capabilities' content='ocr_page ocr_carea ocr_par ocr_line ocrx_word'/>
</head>
<body>
  <div class='ocr_page' id='page_1' title='image "./bucolicageorgic00goulgoog/bucolicageorgic00goulgoog_0065.png"; bbox 0 0 2928 5002; ppageno 0'>
   <div class='ocr_carea' id='block_1_1' title="bbox 627 469 783 532">
    <p class='ocr_par' dir='ltr' id='par_1_1' title="bbox 627 469 783 532">
     <span class='ocr_line' id='line_1_1' title="bbox 627 469 783 532; baseline 0 -1"><span class='ocrx_word' id='word_1_1' title='bbox 627 469 742 532; x_wconf 82' lang='lat' dir='ltr'><strong>LIBER</strong></span> <span class='ocrx_word' id='word_1_2' title='bbox 761 471 783 531; x_wconf 92' lang='lat' dir='ltr'><strong>l.</strong></span> 
     </span>
    </p>
   </div>
   <div class='ocr_carea' id='block_1_2' title="bbox 187 617 1224 4072">
    <p class='ocr_par' dir='ltr' id='par_1_2' title="bbox 199 617 1048 922">
     <span class='ocr_line' id='line_1_2' title="bbox 200 617 1039 714; baseline 0.008 -27"><span class='ocrx_word' id='word_1_3' title='bbox 200 619 388 688; x_wconf 68' lang='lat' dir='ltr'><strong>fluviorum</strong></span> <span class='ocrx_word' id='word_1_4' title='bbox 403 639 460 685; x_wconf 86' lang='lat' dir='ltr'><strong>rex</strong></span> <span class='ocrx_word' id='word_1_5' title='bbox 477 617 642 703; x_wconf 80' lang='lat' dir='ltr'><strong>Eridanus,</strong></span> <span class='ocrx_word' id='word_1_6' title='bbox 657 647 845 712; x_wconf 83' lang='lat' dir='ltr'><strong>camposque</strong></span> <span class='ocrx_word' id='word_1_7' title='bbox 861 649 917 714; x_wconf 87' lang='lat' dir='ltr'><strong>per</strong></span> <span class='ocrx_word' id='word_1_8' title='bbox 931 649 1039 694; x_wconf 88' lang='lat' dir='ltr'><strong>omnes</strong></span> 
     </span>
     <span class='ocr_line' id='line_1_3' title="bbox 199 724 1048 820; baseline 0.009 -30"><span class='ocrx_word' id='word_1_9' title='bbox 199 724 288 792; x_wconf 88' lang='lat' dir='ltr'><strong>Cum</strong></span> <span class='ocrx_word' id='word_1_10' title='bbox 305 726 431 792; x_wconf 85' lang='lat' dir='ltr'><strong>stabulis</strong></span> <span class='ocrx_word' id='word_1_11' title='bbox 447 745 584 793; x_wconf 88' lang='lat' dir='ltr'><strong>armenta</strong></span> <span class='ocrx_word' id='word_1_12' title='bbox 597 732 664 794; x_wconf 89' lang='lat' dir='ltr'><strong>tulit</strong></span> <span class='ocrx_word' id='word_1_13' title='bbox 676 755 686 810; x_wconf 70' lang='grc' dir='ltr'><strong>ς</strong></span> <span class='ocrx_word' id='word_1_14' title='bbox 696 739 767 797; x_wconf 88' lang='lat' dir='ltr'><strong>&#39;nee</strong></span> <span class='ocrx_word' id='word_1_15' title='bbox 782 749 920 820; x_wconf 86' lang='lat' dir='ltr'><strong>tempore</strong></span> <span class='ocrx_word' id='word_1_16' title='bbox 937 737 1048 802; x_wconf 88' lang='lat' dir='ltr'><strong>eodem</strong></span> 
     </span>
     <span class='ocr_line' id='line_1_4' title="bbox 199 827 945 922; baseline 0.012 -28"><span class='ocrx_word' id='word_1_17' title='bbox 199 828 428 896; x_wconf 81' lang='lat' dir='ltr'><strong>Tristibusaut</strong></span> <span class='ocrx_word' id='word_1_18' title='bbox 445 831 525 895; x_wconf 81' lang='lat' dir='ltr'><strong>extis</strong></span> <span class='ocrx_word' id='word_1_19' title='bbox 541 833 621 898; x_wconf 76' lang='lat' dir='ltr'><strong>libre</strong></span> <span class='ocrx_word' id='word_1_20' title='bbox 638 827 790 922; x_wconf 78' lang='lat' dir='ltr'><strong>apparere</strong></span> <span class='ocrx_word' id='word_1_21' title='bbox 798 839 945 919; x_wconf 79' lang='lat' dir='ltr'><strong>minaces,</strong></span> 
     </span>
    </p>

    <p class='ocr_par' dir='ltr' id='par_1_3' title="bbox 199 937 910 1022">
     <span class='ocr_line' id='line_1_5' title="bbox 199 937 910 1022; baseline 0.007 -21"><span class='ocrx_word' id='word_1_22' title='bbox 199 939 270 1001; x_wconf 78' lang='lat' dir='ltr'><strong>Am</strong></span> <span class='ocrx_word' id='word_1_23' title='bbox 284 937 385 1022; x_wconf 89' lang='lat' dir='ltr'><strong>puteis</strong></span> <span class='ocrx_word' id='word_1_24' title='bbox 399 955 524 1000; x_wconf 86' lang='lat' dir='ltr'><strong>manare</strong></span> <span class='ocrx_word' id='word_1_25' title='bbox 541 957 631 1002; x_wconf 88' lang='lat' dir='ltr'><strong>cruor</strong></span> <span class='ocrx_word' id='word_1_26' title='bbox 643 941 782 1017; x_wconf 83' lang='lat' dir='ltr'><strong>cessavit,</strong></span> <span class='ocrx_word' id='word_1_27' title='bbox 799 956 830 1006; x_wconf 89' lang='lat' dir='ltr'><strong>et</strong></span> <span class='ocrx_word' id='word_1_28' title='bbox 845 942 910 1005; x_wconf 78' lang='lat' dir='ltr'><strong>ulte</strong></span> 
     </span>
    </p>

    <p class='ocr_par' dir='ltr' id='par_1_4' title="bbox 199 1038 988 1338">
     <span class='ocr_line' id='line_1_6' title="bbox 199 1038 988 1127; baseline 0.006 -22"><span class='ocrx_word' id='word_1_29' title='bbox 199 1038 269 1106; x_wconf 86' lang='lat' dir='ltr'><strong>Per</strong></span> <span class='ocrx_word' id='word_1_30' title='bbox 284 1053 408 1104; x_wconf 87' lang='lat' dir='ltr'><strong>noctem</strong></span> <span class='ocrx_word' id='word_1_31' title='bbox 423 1059 568 1104; x_wconf 88' lang='lat' dir='ltr'><strong>resonare</strong></span> <span class='ocrx_word' id='word_1_32' title='bbox 581 1041 660 1127; x_wconf 89' lang='lat' dir='ltr'><strong>lupis</strong></span> <span class='ocrx_word' id='word_1_33' title='bbox 676 1042 858 1108; x_wconf 77' lang='lat' dir='ltr'><strong>ululantibus</strong></span> <span class='ocrx_word' id='word_1_34' title='bbox 873 1046 988 1124; x_wconf 83' lang='lat' dir='ltr'><strong>urbes3</strong></span> 
     </span>
     <span class='ocr_line' id='line_1_7' title="bbox 200 1147 888 1236; baseline 0.006 -22"><span class='ocrx_word' id='word_1_35' title='bbox 200 1147 279 1214; x_wconf 88' lang='lat' dir='ltr'><strong>Non</strong></span> <span class='ocrx_word' id='word_1_36' title='bbox 296 1149 370 1213; x_wconf 74' lang='lat' dir='ltr'><strong>aliis</strong></span> <span class='ocrx_word' id='word_1_37' title='bbox 384 1149 465 1213; x_wconf 83' lang='lat' dir='ltr'><strong>coelo</strong></span> <span class='ocrx_word' id='word_1_38' title='bbox 480 1151 660 1215; x_wconf 81' lang='lat' dir='ltr'><strong>ceciderunt</strong></span> <span class='ocrx_word' id='word_1_39' title='bbox 675 1153 763 1236; x_wconf 92' lang='lat' dir='ltr'><strong>plura</strong></span> <span class='ocrx_word' id='word_1_40' title='bbox 778 1175 888 1218; x_wconf 91' lang='lat' dir='ltr'><strong>sereno</strong></span> 
     </span>
     <span class='ocr_line' id='line_1_8' title="bbox 199 1249 876 1338; baseline 0.006 -22"><span class='ocrx_word' id='word_1_41' title='bbox 199 1249 354 1338; x_wconf 77' lang='lat' dir='ltr'><strong>Fulgura,</strong></span> <span class='ocrx_word' id='word_1_42' title='bbox 368 1273 426 1316; x_wconf 85' lang='lat' dir='ltr'><strong>nec</strong></span> <span class='ocrx_word' id='word_1_43' title='bbox 442 1253 499 1317; x_wconf 89' lang='lat' dir='ltr'><strong>diri</strong></span> <span class='ocrx_word' id='word_1_44' title='bbox 514 1253 602 1319; x_wconf 85' lang='lat' dir='ltr'><strong>toties</strong></span> <span class='ocrx_word' id='word_1_45' title='bbox 618 1251 721 1319; x_wconf 75' lang='lat' dir='ltr'><strong>arsdre</strong></span> <span class='ocrx_word' id='word_1_46' title='bbox 737 1273 876 1323; x_wconf 76' lang='lat' dir='ltr'><strong>comete.</strong></span> 
     </span>
    </p>

    <p class='ocr_par' dir='ltr' id='par_1_5' title="bbox 196 1357 1004 1973">
     <span class='ocr_line' id='line_1_9' title="bbox 250 1357 929 1448; baseline 0.009 -23"><span class='ocrx_word' id='word_1_47' title='bbox 250 1360 335 1446; x_wconf 86' lang='lat' dir='ltr'><strong>Ergo</strong></span> <span class='ocrx_word' id='word_1_48' title='bbox 350 1363 427 1426; x_wconf 90' lang='lat' dir='ltr'><strong>inter</strong></span> <span class='ocrx_word' id='word_1_49' title='bbox 442 1383 511 1426; x_wconf 87' lang='lat' dir='ltr'><strong>sese</strong></span> <span class='ocrx_word' id='word_1_50' title='bbox 527 1363 649 1448; x_wconf 88' lang='lat' dir='ltr'><strong>paribus</strong></span> <span class='ocrx_word' id='word_1_51' title='bbox 661 1357 844 1431; x_wconf 79' lang='lat' dir='ltr'><strong>concurrere</strong></span> <span class='ocrx_word' id='word_1_52' title='bbox 860 1365 929 1431; x_wconf 85' lang='lat' dir='ltr'><strong>telis</strong></span> 
     </span>
     <span class='ocr_line' id='line_1_10' title="bbox 200 1463 877 1555; baseline 0.004 -24"><span class='ocrx_word' id='word_1_53' title='bbox 200 1463 363 1531; x_wconf 83' lang='lat' dir='ltr'><strong>Romanus</strong></span> <span class='ocrx_word' id='word_1_54' title='bbox 375 1467 458 1531; x_wconf 87' lang='lat' dir='ltr'><strong>acies</strong></span> <span class='ocrx_word' id='word_1_55' title='bbox 474 1468 582 1530; x_wconf 87' lang='lat' dir='ltr'><strong>iterum</strong></span> <span class='ocrx_word' id='word_1_56' title='bbox 599 1465 703 1531; x_wconf 67' lang='lat' dir='ltr'><strong>vidire</strong></span> <span class='ocrx_word' id='word_1_57' title='bbox 721 1465 854 1555; x_wconf 88' lang='lat' dir='ltr'><strong>Philippi</strong></span> <span class='ocrx_word' id='word_1_58' title='bbox 867 1493 877 1549; x_wconf 71' lang='grc' dir='ltr'><strong>ς</strong></span> 
     </span>
     <span class='ocr_line' id='line_1_11' title="bbox 198 1568 993 1658; baseline 0.008 -24"><span class='ocrx_word' id='word_1_59' title='bbox 198 1568 274 1635; x_wconf 85' lang='lat' dir='ltr'><strong>Nec</strong></span> <span class='ocrx_word' id='word_1_60' title='bbox 289 1569 345 1634; x_wconf 85' lang='lat' dir='ltr'><strong>luit</strong></span> <span class='ocrx_word' id='word_1_61' title='bbox 361 1571 521 1655; x_wconf 68' lang='lat' dir='ltr'><strong>indignum‘</strong></span> <span class='ocrx_word' id='word_1_62' title='bbox 534 1573 652 1655; x_wconf 86' lang='lat' dir='ltr'><strong>superis</strong></span> <span class='ocrx_word' id='word_1_63' title='bbox 668 1573 713 1636; x_wconf 87' lang='lat' dir='ltr'><strong>bis</strong></span> <span class='ocrx_word' id='word_1_64' title='bbox 729 1573 874 1658; x_wconf 88' lang='lat' dir='ltr'><strong>sanguine</strong></span> <span class='ocrx_word' id='word_1_65' title='bbox 890 1585 993 1640; x_wconf 85' lang='lat' dir='ltr'><strong>nostro</strong></span> 
     </span>
     <span class='ocr_line' id='line_1_12' title="bbox 197 1671 1004 1764; baseline 0.005 -24"><span class='ocrx_word' id='word_1_66' title='bbox 197 1675 379 1740; x_wconf 80' lang='lat' dir='ltr'><strong>Emathiam</strong></span> <span class='ocrx_word' id='word_1_67' title='bbox 394 1691 426 1740; x_wconf 88' lang='lat' dir='ltr'><strong>et</strong></span> <span class='ocrx_word' id='word_1_68' title='bbox 441 1677 516 1740; x_wconf 87' lang='lat' dir='ltr'><strong>latos</strong></span> <span class='ocrx_word' id='word_1_69' title='bbox 532 1671 633 1740; x_wconf 74' lang='lat' dir='ltr'><strong>Humi</strong></span> <span class='ocrx_word' id='word_1_70' title='bbox 649 1677 850 1762; x_wconf 81' lang='lat' dir='ltr'><strong>pinguescere</strong></span> <span class='ocrx_word' id='word_1_71' title='bbox 867 1701 1004 1764; x_wconf 88' lang='lat' dir='ltr'><strong>campos.</strong></span> 
     </span>
     <span class='ocr_line' id='line_1_13' title="bbox 198 1781 938 1867; baseline 0.004 -20"><span class='ocrx_word' id='word_1_72' title='bbox 198 1781 328 1848; x_wconf 82' lang='lat' dir='ltr'><strong>Scilicet</strong></span> <span class='ocrx_word' id='word_1_73' title='bbox 343 1796 376 1846; x_wconf 88' lang='lat' dir='ltr'><strong>et</strong></span> <span class='ocrx_word' id='word_1_74' title='bbox 390 1796 512 1866; x_wconf 86' lang='lat' dir='ltr'><strong>tempus</strong></span> <span class='ocrx_word' id='word_1_75' title='bbox 522 1781 639 1859; x_wconf 64' lang='lat' dir='ltr'><strong>ueniet,</strong></span> <span class='ocrx_word' id='word_1_76' title='bbox 653 1802 746 1867; x_wconf 87' lang='lat' dir='ltr'><strong>quum</strong></span> <span class='ocrx_word' id='word_1_77' title='bbox 758 1785 867 1849; x_wconf 87' lang='lat' dir='ltr'><strong>linibus</strong></span> <span class='ocrx_word' id='word_1_78' title='bbox 882 1783 938 1850; x_wconf 89' lang='lat' dir='ltr'><strong>illis</strong></span> 
     </span>
     <span class='ocr_line' id='line_1_14' title="bbox 196 1887 889 1973; baseline 0.003 -20"><span class='ocrx_word' id='word_1_79' title='bbox 196 1887 356 1973; x_wconf 81' lang='lat' dir='ltr'><strong>Agricola,</strong></span> <span class='ocrx_word' id='word_1_80' title='bbox 372 1889 499 1951; x_wconf 81' lang='lat' dir='ltr'><strong>incurvo</strong></span> <span class='ocrx_word' id='word_1_81' title='bbox 514 1901 625 1953; x_wconf 87' lang='lat' dir='ltr'><strong>terram</strong></span> <span class='ocrx_word' id='word_1_82' title='bbox 642 1889 762 1954; x_wconf 89' lang='lat' dir='ltr'><strong>molitus</strong></span> <span class='ocrx_word' id='word_1_83' title='bbox 778 1907 889 1969; x_wconf 88' lang='lat' dir='ltr'><strong>aratro,</strong></span> 
     </span>
    </p>

    <p class='ocr_par' dir='ltr' id='par_1_6' title="bbox 196 1987 960 2289">
     <span class='ocr_line' id='line_1_15' title="bbox 197 1987 815 2082; baseline 0.006 -26"><span class='ocrx_word' id='word_1_84' title='bbox 197 1987 305 2058; x_wconf 84' lang='lat' dir='ltr'><strong>Exesa</strong></span> <span class='ocrx_word' id='word_1_85' title='bbox 321 1993 455 2057; x_wconf 79' lang='lat' dir='ltr'><strong>inveniet</strong></span> <span class='ocrx_word' id='word_1_86' title='bbox 469 1993 578 2058; x_wconf 78' lang='lat' dir='ltr'><strong>scabri</strong></span> <span class='ocrx_word' id='word_1_87' title='bbox 592 1995 729 2078; x_wconf 82' lang='lat' dir='ltr'><strong>rubigine</strong></span> <span class='ocrx_word' id='word_1_88' title='bbox 744 1997 815 2082; x_wconf 83' lang='lat' dir='ltr'><strong>pila,</strong></span> 
     </span>
     <span class='ocr_line' id='line_1_16' title="bbox 196 2076 930 2185; baseline 0.004 -23"><span class='ocrx_word' id='word_1_89' title='bbox 196 2097 263 2162; x_wconf 78' lang='lat' dir='ltr'><strong>Ant</strong></span> <span class='ocrx_word' id='word_1_90' title='bbox 277 2097 419 2182; x_wconf 83' lang='lat' dir='ltr'><strong>gravibus</strong></span> <span class='ocrx_word' id='word_1_91' title='bbox 436 2096 538 2162; x_wconf 86' lang='lat' dir='ltr'><strong>rastris</strong></span> <span class='ocrx_word' id='word_1_92' title='bbox 553 2076 656 2181; x_wconf 76' lang='lat' dir='ltr'><strong>galeas</strong></span> <span class='ocrx_word' id='word_1_93' title='bbox 669 2101 801 2185; x_wconf 85' lang='lat' dir='ltr'><strong>pulsabit</strong></span> <span class='ocrx_word' id='word_1_94' title='bbox 815 2101 930 2179; x_wconf 85' lang='lat' dir='ltr'><strong>inanes,</strong></span> 
     </span>
     <span class='ocr_line' id='line_1_17' title="bbox 199 2201 960 2289; baseline 0.003 -23"><span class='ocrx_word' id='word_1_95' title='bbox 199 2201 399 2286; x_wconf 83' lang='lat' dir='ltr'><strong>Grandiaque</strong></span> <span class='ocrx_word' id='word_1_96' title='bbox 415 2201 532 2265; x_wconf 81' lang='lat' dir='ltr'><strong>effossis</strong></span> <span class='ocrx_word' id='word_1_97' title='bbox 548 2203 702 2268; x_wconf 86' lang='lat' dir='ltr'><strong>mirabitur</strong></span> <span class='ocrx_word' id='word_1_98' title='bbox 718 2225 786 2269; x_wconf 88' lang='lat' dir='ltr'><strong>ossa</strong></span> <span class='ocrx_word' id='word_1_99' title='bbox 802 2205 960 2289; x_wconf 83' lang='lat' dir='ltr'><strong>sepulcris.</strong></span> 
     </span>
    </p>

    <p class='ocr_par' dir='ltr' id='par_1_7' title="bbox 192 2305 1060 2808">
     <span class='ocr_line' id='line_1_18' title="bbox 240 2305 1060 2394; baseline 0.002 -22"><span class='ocrx_word' id='word_1_100' title='bbox 240 2305 285 2372; x_wconf 88' lang='lat' dir='ltr'><strong>Di</strong></span> <span class='ocrx_word' id='word_1_101' title='bbox 301 2308 389 2392; x_wconf 86' lang='lat' dir='ltr'><strong>patrii</strong></span> <span class='ocrx_word' id='word_1_102' title='bbox 404 2307 565 2392; x_wconf 86' lang='lat' dir='ltr'><strong>indigetes,</strong></span> <span class='ocrx_word' id='word_1_103' title='bbox 581 2324 612 2373; x_wconf 87' lang='lat' dir='ltr'><strong>et</strong></span> <span class='ocrx_word' id='word_1_104' title='bbox 628 2309 774 2388; x_wconf 89' lang='lat' dir='ltr'><strong>Romule,</strong></span> <span class='ocrx_word' id='word_1_105' title='bbox 789 2307 947 2394; x_wconf 86' lang='lat' dir='ltr'><strong>Vestaque</strong></span> <span class='ocrx_word' id='word_1_106' title='bbox 964 2323 1060 2374; x_wconf 89' lang='lat' dir='ltr'><strong>mater</strong></span> 
     </span>
     <span class='ocr_line' id='line_1_19' title="bbox 194 2409 1046 2496; baseline 0.001 -20"><span class='ocrx_word' id='word_1_107' title='bbox 194 2410 278 2486; x_wconf 69' lang='lat' dir='ltr'><strong>Qum</strong></span> <span class='ocrx_word' id='word_1_108' title='bbox 293 2409 435 2474; x_wconf 86' lang='lat' dir='ltr'><strong>Tuscum</strong></span> <span class='ocrx_word' id='word_1_109' title='bbox 446 2411 584 2476; x_wconf 77' lang='lat' dir='ltr'><strong>Tiberim</strong></span> <span class='ocrx_word' id='word_1_110' title='bbox 601 2427 632 2477; x_wconf 89' lang='lat' dir='ltr'><strong>et</strong></span> <span class='ocrx_word' id='word_1_111' title='bbox 649 2413 791 2476; x_wconf 88' lang='lat' dir='ltr'><strong>Romana</strong></span> <span class='ocrx_word' id='word_1_112' title='bbox 806 2413 916 2496; x_wconf 87' lang='lat' dir='ltr'><strong>palatia</strong></span> <span class='ocrx_word' id='word_1_113' title='bbox 933 2433 1046 2492; x_wconf 80' lang='lat' dir='ltr'><strong>servas,</strong></span> 
     </span>
     <span class='ocr_line' id='line_1_20' title="bbox 195 2515 998 2601; baseline -0.002 -21"><span class='ocrx_word' id='word_1_114' title='bbox 195 2515 296 2581; x_wconf 83' lang='lat' dir='ltr'><strong>Hunc</strong></span> <span class='ocrx_word' id='word_1_115' title='bbox 311 2515 416 2578; x_wconf 66' lang='lat' dir='ltr'><strong>altem</strong></span> <span class='ocrx_word' id='word_1_116' title='bbox 432 2535 539 2579; x_wconf 81' lang='lat' dir='ltr'><strong>everso</strong></span> <span class='ocrx_word' id='word_1_117' title='bbox 549 2515 696 2601; x_wconf 87' lang='lat' dir='ltr'><strong>juvenem</strong></span> <span class='ocrx_word' id='word_1_118' title='bbox 712 2535 891 2578; x_wconf 87' lang='lat' dir='ltr'><strong>succurrere</strong></span> <span class='ocrx_word' id='word_1_119' title='bbox 908 2515 998 2578; x_wconf 79' lang='lat' dir='ltr'><strong>seclo</strong></span> 
     </span>
     <span class='ocr_line' id='line_1_21' title="bbox 192 2617 1030 2706; baseline 0.001 -21"><span class='ocrx_word' id='word_1_120' title='bbox 192 2620 250 2686; x_wconf 85' lang='lat' dir='ltr'><strong>Ne</strong></span> <span class='ocrx_word' id='word_1_121' title='bbox 266 2619 443 2704; x_wconf 86' lang='lat' dir='ltr'><strong>prohibete!</strong></span> <span class='ocrx_word' id='word_1_122' title='bbox 466 2618 537 2684; x_wconf 85' lang='lat' dir='ltr'><strong>satis</strong></span> <span class='ocrx_word' id='word_1_123' title='bbox 546 2619 614 2706; x_wconf 86' lang='lat' dir='ltr'><strong>jam</strong></span> <span class='ocrx_word' id='word_1_124' title='bbox 629 2617 748 2703; x_wconf 89' lang='lat' dir='ltr'><strong>pridem</strong></span> <span class='ocrx_word' id='word_1_125' title='bbox 765 2620 911 2702; x_wconf 86' lang='lat' dir='ltr'><strong>sanguine</strong></span> <span class='ocrx_word' id='word_1_126' title='bbox 927 2631 1030 2686; x_wconf 87' lang='lat' dir='ltr'><strong>nostro</strong></span> 
     </span>
     <span class='ocr_line' id='line_1_22' title="bbox 193 2719 841 2808; baseline -0.009 -18"><span class='ocrx_word' id='word_1_127' title='bbox 193 2723 437 2790; x_wconf 66' lang='lat' dir='ltr'><strong>laomedontea</strong></span> <span class='ocrx_word' id='word_1_128' title='bbox 454 2725 563 2787; x_wconf 89' lang='lat' dir='ltr'><strong>luimus</strong></span> <span class='ocrx_word' id='word_1_129' title='bbox 578 2722 711 2808; x_wconf 86' lang='lat' dir='ltr'><strong>perjuria</strong></span> <span class='ocrx_word' id='word_1_130' title='bbox 726 2719 841 2808; x_wconf 81' lang='lat' dir='ltr'><strong>Trojae.</strong></span> 
     </span>
    </p>

    <p class='ocr_par' dir='ltr' id='par_1_8' title="bbox 192 2825 1007 2915">
     <span class='ocr_line' id='line_1_23' title="bbox 192 2825 1007 2915; baseline -0.007 -21"><span class='ocrx_word' id='word_1_131' title='bbox 192 2827 266 2894; x_wconf 84' lang='lat' dir='ltr'><strong>Jam</strong></span> <span class='ocrx_word' id='word_1_132' title='bbox 282 2831 402 2915; x_wconf 83' lang='lat' dir='ltr'><strong>pridem</strong></span> <span class='ocrx_word' id='word_1_133' title='bbox 414 2829 500 2892; x_wconf 85' lang='lat' dir='ltr'><strong>nobis</strong></span> <span class='ocrx_word' id='word_1_134' title='bbox 514 2827 585 2893; x_wconf 85' lang='lat' dir='ltr'><strong>coeli</strong></span> <span class='ocrx_word' id='word_1_135' title='bbox 600 2842 631 2891; x_wconf 90' lang='lat' dir='ltr'><strong>te</strong></span> <span class='ocrx_word' id='word_1_136' title='bbox 647 2828 740 2912; x_wconf 91' lang='lat' dir='ltr'><strong>regia,</strong></span> <span class='ocrx_word' id='word_1_137' title='bbox 758 2825 874 2907; x_wconf 80' lang='lat' dir='ltr'><strong>Cesar,</strong></span> <span class='ocrx_word' id='word_1_138' title='bbox 1006 2906 1007 2911; x_wconf 5' lang='grc' dir='ltr'>ἵ</span> 
     </span>
    </p>

    <p class='ocr_par' dir='ltr' id='par_1_9' title="bbox 190 2931 1224 3223">
     <span class='ocr_line' id='line_1_24' title="bbox 190 2931 1087 3017; baseline -0.006 -17"><span class='ocrx_word' id='word_1_139' title='bbox 190 2935 326 3010; x_wconf 79' lang='lat' dir='ltr'><strong>invidet,</strong></span> <span class='ocrx_word' id='word_1_140' title='bbox 341 2945 434 3017; x_wconf 87' lang='lat' dir='ltr'><strong>atque</strong></span> <span class='ocrx_word' id='word_1_141' title='bbox 450 2932 605 2996; x_wconf 88' lang='lat' dir='ltr'><strong>hominum</strong></span> <span class='ocrx_word' id='word_1_142' title='bbox 621 2933 755 3016; x_wconf 87' lang='lat' dir='ltr'><strong>queritur</strong></span> <span class='ocrx_word' id='word_1_143' title='bbox 770 2951 879 2995; x_wconf 89' lang='lat' dir='ltr'><strong>curare</strong></span> <span class='ocrx_word' id='word_1_144' title='bbox 894 2931 1087 3016; x_wconf 79' lang='lat' dir='ltr'><strong>triumphos:</strong></span> 
     </span>
     <span class='ocr_line' id='line_1_25' title="bbox 191 3035 1224 3123; baseline 0.002 -21"><span class='ocrx_word' id='word_1_145' title='bbox 191 3038 321 3123; x_wconf 78' lang='lat' dir='ltr'><strong>Quippe</strong></span> <span class='ocrx_word' id='word_1_146' title='bbox 330 3039 382 3102; x_wconf 88' lang='lat' dir='ltr'><strong>ubi</strong></span> <span class='ocrx_word' id='word_1_147' title='bbox 395 3035 573 3102; x_wconf 65' lang='lat' dir='ltr'><strong>traversum</strong></span> <span class='ocrx_word' id='word_1_148' title='bbox 586 3049 676 3122; x_wconf 84' lang='lat' dir='ltr'><strong>atque</strong></span> <span class='ocrx_word' id='word_1_149' title='bbox 686 3035 789 3116; x_wconf 79' lang='lat' dir='ltr'><strong>nelas3</strong></span> <span class='ocrx_word' id='word_1_150' title='bbox 804 3049 849 3099; x_wconf 91' lang='lat' dir='ltr'><strong>tot</strong></span> <span class='ocrx_word' id='word_1_151' title='bbox 857 3036 937 3101; x_wconf 90' lang='lat' dir='ltr'><strong>bella</strong></span> <span class='ocrx_word' id='word_1_152' title='bbox 950 3059 1004 3122; x_wconf 92' lang='lat' dir='ltr'><strong>per</strong></span> <span class='ocrx_word' id='word_1_153' title='bbox 1013 3038 1138 3119; x_wconf 71' lang='lat' dir='ltr'><strong>orbem,</strong></span> <span class='ocrx_word' id='word_1_154' title='bbox 1159 3043 1224 3104; x_wconf 76' lang='lat' dir='ltr'><strong>tue</strong></span> 
     </span>
     <span class='ocr_line' id='line_1_26' title="bbox 191 3139 985 3223; baseline -0.004 -14"><span class='ocrx_word' id='word_1_155' title='bbox 191 3143 278 3210; x_wconf 85' lang='lat' dir='ltr'><strong>Tam</strong></span> <span class='ocrx_word' id='word_1_156' title='bbox 294 3143 394 3207; x_wconf 80' lang='lat' dir='ltr'><strong>multae</strong></span> <span class='ocrx_word' id='word_1_157' title='bbox 410 3142 562 3206; x_wconf 87' lang='lat' dir='ltr'><strong>scelerum</strong></span> <span class='ocrx_word' id='word_1_158' title='bbox 578 3139 695 3223; x_wconf 62' lang='grc' dir='ltr'><strong>[εὐίους</strong></span> <span class='ocrx_word' id='word_1_159' title='bbox 717 3162 777 3205; x_wconf 87' lang='lat' dir='ltr'><strong>non</strong></span> <span class='ocrx_word' id='word_1_160' title='bbox 793 3139 871 3205; x_wconf 87' lang='lat' dir='ltr'><strong>ullus</strong></span> <span class='ocrx_word' id='word_1_161' title='bbox 886 3155 985 3206; x_wconf 88' lang='lat' dir='ltr'><strong>aratro</strong></span> 
     </span>
    </p>

    <p class='ocr_par' dir='ltr' id='par_1_10' title="bbox 190 3249 991 3334">
     <span class='ocr_line' id='line_1_27' title="bbox 190 3249 991 3334; baseline 0 -20"><span class='ocrx_word' id='word_1_162' title='bbox 190 3249 316 3334; x_wconf 81' lang='lat' dir='ltr'><strong>Dignus</strong></span> <span class='ocrx_word' id='word_1_163' title='bbox 330 3251 451 3328; x_wconf 89' lang='lat' dir='ltr'><strong>honcs;</strong></span> <span class='ocrx_word' id='word_1_164' title='bbox 472 3249 612 3334; x_wconf 87' lang='lat' dir='ltr'><strong>squalent</strong></span> <span class='ocrx_word' id='word_1_165' title='bbox 627 3249 765 3314; x_wconf 86' lang='lat' dir='ltr'><strong>abductis</strong></span> <span class='ocrx_word' id='word_1_166' title='bbox 780 3269 852 3312; x_wconf 82' lang='lat' dir='ltr'><strong>arva</strong></span> <span class='ocrx_word' id='word_1_167' title='bbox 867 3250 991 3330; x_wconf 86' lang='lat' dir='ltr'><strong>colonis,</strong></span> 
     </span>
    </p>

    <p class='ocr_par' dir='ltr' id='par_1_11' title="bbox 191 3352 984 3440">
     <span class='ocr_line' id='line_1_28' title="bbox 191 3352 984 3440; baseline -0.003 -21"><span class='ocrx_word' id='word_1_168' title='bbox 191 3352 240 3419; x_wconf 85' lang='lat' dir='ltr'><strong>Et</strong></span> <span class='ocrx_word' id='word_1_169' title='bbox 254 3375 354 3419; x_wconf 72' lang='lat' dir='ltr'><strong>curve</strong></span> <span class='ocrx_word' id='word_1_170' title='bbox 369 3355 500 3440; x_wconf 85' lang='lat' dir='ltr'><strong>rigidum</strong></span> <span class='ocrx_word' id='word_1_171' title='bbox 516 3353 613 3418; x_wconf 82' lang='lat' dir='ltr'><strong>falces</strong></span> <span class='ocrx_word' id='word_1_172' title='bbox 627 3354 795 3420; x_wconf 84' lang='lat' dir='ltr'><strong>conflantur</strong></span> <span class='ocrx_word' id='word_1_173' title='bbox 809 3355 839 3417; x_wconf 90' lang='lat' dir='ltr'><strong>in</strong></span> <span class='ocrx_word' id='word_1_174' title='bbox 856 3373 960 3418; x_wconf 89' lang='lat' dir='ltr'><strong>ensem</strong></span> <span class='ocrx_word' id='word_1_175' title='bbox 975 3377 984 3417; x_wconf 74' lang='grc' dir='ltr'><strong>ε</strong></span> 
     </span>
    </p>

    <p class='ocr_par' dir='ltr' id='par_1_12' title="bbox 190 3455 1040 3544">
     <span class='ocr_line' id='line_1_29' title="bbox 190 3455 1040 3544; baseline -0.004 -18"><span class='ocrx_word' id='word_1_176' title='bbox 190 3459 281 3526; x_wconf 84' lang='lat' dir='ltr'><strong>Hinc</strong></span> <span class='ocrx_word' id='word_1_177' title='bbox 295 3475 398 3524; x_wconf 79' lang='lat' dir='ltr'><strong>movet</strong></span> <span class='ocrx_word' id='word_1_178' title='bbox 413 3455 599 3544; x_wconf 79' lang='lat' dir='ltr'><strong>Euphrates,</strong></span> <span class='ocrx_word' id='word_1_179' title='bbox 614 3459 694 3524; x_wconf 85' lang='lat' dir='ltr'><strong>illine</strong></span> <span class='ocrx_word' id='word_1_180' title='bbox 711 3459 887 3536; x_wconf 83' lang='lat' dir='ltr'><strong>Germania,</strong></span> <span class='ocrx_word' id='word_1_181' title='bbox 901 3457 1040 3523; x_wconf 84' lang='lat' dir='ltr'><strong>bellum:</strong></span> 
     </span>
    </p>

    <p class='ocr_par' dir='ltr' id='par_1_13' title="bbox 188 3563 1219 3753">
     <span class='ocr_line' id='line_1_30' title="bbox 188 3563 1219 3649; baseline 0 -21"><span class='ocrx_word' id='word_1_182' title='bbox 188 3563 322 3643; x_wconf 66' lang='lat' dir='ltr'><strong>Viciae,</strong></span> <span class='ocrx_word' id='word_1_183' title='bbox 338 3565 434 3648; x_wconf 90' lang='lat' dir='ltr'><strong>ruptis</strong></span> <span class='ocrx_word' id='word_1_184' title='bbox 448 3567 526 3628; x_wconf 89' lang='lat' dir='ltr'><strong>inter</strong></span> <span class='ocrx_word' id='word_1_185' title='bbox 542 3585 577 3628; x_wconf 87' lang='lat' dir='ltr'><strong>ae</strong></span> <span class='ocrx_word' id='word_1_186' title='bbox 591 3564 718 3649; x_wconf 89' lang='lat' dir='ltr'><strong>legibus,</strong></span> <span class='ocrx_word' id='word_1_187' title='bbox 736 3565 828 3628; x_wconf 90' lang='lat' dir='ltr'><strong>urbes</strong></span> <span class='ocrx_word' id='word_1_188' title='bbox 1154 3569 1219 3630; x_wconf 77' lang='lat' dir='ltr'><strong>stu</strong></span> 
     </span>
     <span class='ocr_line' id='line_1_31' title="bbox 189 3666 949 3753; baseline -0.008 -19"><span class='ocrx_word' id='word_1_189' title='bbox 189 3669 290 3734; x_wconf 78' lang='lat' dir='ltr'><strong>Arma</strong></span> <span class='ocrx_word' id='word_1_190' title='bbox 305 3668 427 3748; x_wconf 80' lang='lat' dir='ltr'><strong>ierunt3</strong></span> <span class='ocrx_word' id='word_1_191' title='bbox 449 3671 533 3733; x_wconf 76' lang='lat' dir='ltr'><strong>sevit</strong></span> <span class='ocrx_word' id='word_1_192' title='bbox 549 3681 612 3733; x_wconf 87' lang='lat' dir='ltr'><strong>tuto</strong></span> <span class='ocrx_word' id='word_1_193' title='bbox 628 3667 712 3733; x_wconf 81' lang='lat' dir='ltr'><strong>blara</strong></span> <span class='ocrx_word' id='word_1_194' title='bbox 728 3668 838 3753; x_wconf 88' lang='lat' dir='ltr'><strong>impius</strong></span> <span class='ocrx_word' id='word_1_195' title='bbox 852 3666 949 3732; x_wconf 88' lang='lat' dir='ltr'><strong>orbe:</strong></span> 
     </span>
    </p>

    <p class='ocr_par' dir='ltr' id='par_1_14' title="bbox 187 3772 960 3858">
     <span class='ocr_line' id='line_1_32' title="bbox 187 3772 960 3858; baseline -0.004 -19"><span class='ocrx_word' id='word_1_196' title='bbox 187 3772 248 3852; x_wconf 87' lang='lat' dir='ltr'><strong>Ut,</strong></span> <span class='ocrx_word' id='word_1_197' title='bbox 261 3794 352 3858; x_wconf 89' lang='lat' dir='ltr'><strong>quum</strong></span> <span class='ocrx_word' id='word_1_198' title='bbox 368 3774 544 3840; x_wconf 84' lang='lat' dir='ltr'><strong>carceribus</strong></span> <span class='ocrx_word' id='word_1_199' title='bbox 559 3795 628 3838; x_wconf 86' lang='lat' dir='ltr'><strong>sese</strong></span> <span class='ocrx_word' id='word_1_200' title='bbox 644 3772 791 3851; x_wconf 75' lang='lat' dir='ltr'><strong>effirddre,</strong></span> <span class='ocrx_word' id='word_1_201' title='bbox 808 3773 960 3858; x_wconf 80' lang='lat' dir='ltr'><strong>quadrigae</strong></span> 
     </span>
    </p>

    <p class='ocr_par' dir='ltr' id='par_1_15' title="bbox 187 3878 982 3966">
     <span class='ocr_line' id='line_1_33' title="bbox 187 3878 982 3966; baseline -0.004 -20"><span class='ocrx_word' id='word_1_202' title='bbox 187 3879 322 3946; x_wconf 76' lang='lat' dir='ltr'><strong>Addunt</strong></span> <span class='ocrx_word' id='word_1_203' title='bbox 336 3882 366 3944; x_wconf 92' lang='lat' dir='ltr'><strong>in</strong></span> <span class='ocrx_word' id='word_1_204' title='bbox 381 3880 489 3966; x_wconf 84' lang='lat' dir='ltr'><strong>spatia,</strong></span> <span class='ocrx_word' id='word_1_205' title='bbox 506 3893 537 3944; x_wconf 88' lang='lat' dir='ltr'><strong>et</strong></span> <span class='ocrx_word' id='word_1_206' title='bbox 552 3880 661 3946; x_wconf 73' lang='lat' dir='ltr'><strong>liusha</strong></span> <span class='ocrx_word' id='word_1_207' title='bbox 676 3878 841 3943; x_wconf 84' lang='lat' dir='ltr'><strong>retinacula</strong></span> <span class='ocrx_word' id='word_1_208' title='bbox 853 3879 982 3943; x_wconf 87' lang='lat' dir='ltr'><strong>tendens</strong></span> 
     </span>
    </p>

    <p class='ocr_par' dir='ltr' id='par_1_16' title="bbox 188 3981 1034 4072">
     <span class='ocr_line' id='line_1_34' title="bbox 188 3981 1034 4072; baseline -0.004 -22"><span class='ocrx_word' id='word_1_209' title='bbox 188 3981 307 4051; x_wconf 75' lang='lat' dir='ltr'><strong>Ferusr</strong></span> <span class='ocrx_word' id='word_1_210' title='bbox 321 3986 410 4072; x_wconf 88' lang='lat' dir='ltr'><strong>equis</strong></span> <span class='ocrx_word' id='word_1_211' title='bbox 425 3986 540 4071; x_wconf 83' lang='lat' dir='ltr'><strong>auriga,</strong></span> <span class='ocrx_word' id='word_1_212' title='bbox 555 4005 656 4072; x_wconf 83' lang='lat' dir='ltr'><strong>neque</strong></span> <span class='ocrx_word' id='word_1_213' title='bbox 671 3985 756 4052; x_wconf 87' lang='lat' dir='ltr'><strong>audit</strong></span> <span class='ocrx_word' id='word_1_214' title='bbox 770 4003 875 4050; x_wconf 86' lang='lat' dir='ltr'><strong>currus</strong></span> <span class='ocrx_word' id='word_1_215' title='bbox 888 3984 1034 4051; x_wconf 81' lang='lat' dir='ltr'><strong>habenas.</strong></span> 
     </span>
    </p>
   </div>
   <div class='ocr_carea' id='block_1_3' title="bbox 545 4109 566 4168">
    <p class='ocr_par' dir='ltr' id='par_1_17' title="bbox 545 4109 566 4168">
     <span class='ocr_line' id='line_1_35' title="bbox 545 4109 566 4168; baseline 0 0"><span class='ocrx_word' id='word_1_216' title='bbox 545 4109 566 4168; x_wconf 83' lang='lat' dir='ltr'><strong>&#39;l</strong></span> 
     </span>
    </p>
   </div>
   <div class='ocr_carea' id='block_1_4' title="bbox 0 0 1468 5002">
    <p class='ocr_par' dir='ltr' id='par_1_18' title="bbox 0 0 1468 5002">
     <span class='ocr_line' id='line_1_36' title="bbox 0 0 1468 5002; baseline 0 4"><span class='ocrx_word' id='word_1_217' title='bbox 0 0 1468 5002; x_wconf 95' lang='lat' dir='ltr'><strong> </strong></span> 
     </span>
    </p>
   </div>
  </div>
 </body>
</html>
