2890 5002
607 403 724 466 amus
742 405 790 468 111.
1185 411 1240 468 155
1262 422 1292 452 ··

202 567 284 632 Tres
298 562 382 631 aded
396 566 538 630 incertos
552 564 639 630 caca
651 563 787 652 caligine
802 563 883 632 soles

204 669 355 734 Erramus
369 665 495 754 pelago,
510 666 638 732 totidem
652 665 970 772 sinepiderepoctes.

202 765 691 854 Quartoterradieprimdmse
706 767 849 836 attollere
864 773 990 838 tandem
1177 777 1239 838 205

204 874 295 954 Visa,
310 875 436 960 aperire
451 870 562 958 procul
576 883 706 954 montes,
721 893 759 938 ac
774 873 903 944 volvere
918 875 1045 942 sumum.

203 975 288 1046 Vela
302 975 440 1055 cadunt;
461 977 556 1040 remis
570 977 775 1062 insurgimus:
799 974 884 1042 baud
898 999 995 1060 mora,
1008 991 1110 1046 nautae

202 1077 323 1144 Adnixi
338 1089 484 1164 torquent
498 1095 633 1164 spumas,
647 1091 680 1142 et
693 1079 811 1154 cerula
825 1092 964 1146 verrunt.

247 1181 413 1246 Servatum
427 1201 468 1244 ex
481 1176 574 1244 undis
589 1177 801 1265 Strophadum
815 1202 865 1246 me
880 1180 985 1248 littora
997 1181 1133 1269 primum

201 1284 383 1369 Accipiunt.
427 1279 619 1368 Strophades
633 1283 732 1348 Graio
746 1295 829 1348 stant
843 1287 968 1352 nomine
982 1283 1077 1350 dictae
1177 1289 1238 1351 210

204 1384 316 1450 Insula
330 1386 418 1450 Ionio
432 1388 465 1450 in
479 1405 602 1471 mapsa,
617 1406 694 1470 quas
709 1383 780 1451 dira
795 1384 933 1468 Celaeno,

202 1485 427 1574 Harpyiaeque
441 1485 548 1552 colunt
563 1486 644 1567 alite,
659 1486 791 1553 Phineia
804 1501 969 1576 postquam

203 1587 321 1656 Clausa
337 1589 456 1670 domus,
471 1610 656 1676 mensasque
671 1602 757 1655 metu
770 1590 892 1676 liquere
906 1594 1048 1688 prioresq

202 1691 339 1758 Tristius
353 1691 439 1758 baud
454 1691 517 1758 illis
531 1705 710 1774 monstrum,
724 1715 783 1758 uec
799 1694 989 1770 saeviornlla

200 1795 303 1862 Pestis
317 1810 349 1862 et
361 1799 412 1862 ira
426 1795 521 1861 detim
536 1796 654 1882 Stygiis
669 1816 737 1862 sese
753 1795 864 1862 extulit
877 1797 981 1863 undis.

202 1899 351 1988 virginei
365 1900 529 1966 volucrum
543 1899 655 1980 vultus,
669 1897 840 1968 ioedissima
853 1903 971 1968 uentris

201 2003 377 2085 Proiuvies,
390 2025 543 2090 uncaeque
557 2025 676 2086 manus,
690 2017 720 2070 et
734 2003 855 2092 pallida
869 2025 993 2093 semper

202 2103 270 2172 Ora
284 2107 378 2172 fama.
773 2183 781 2206 ι

246 2209 321 2274 Huc
335 2209 391 2274 ubi
406 2208 503 2276 delati
517 2223 624 2296 portus
638 2214 843 2293 intravimus3
866 2233 942 2278 ecce
1003 2207 1009 2214 ’

202 2311 293 2377 heta
306 2313 403 2378 boum
416 2318 534 2400 passim
548 2319 668 2401 campis
684 2329 827 2380 armema
841 2315 993 2396 videmus,

204 2413 479 2502 caprigenumque
492 2438 600 2502 pecus,
615 2417 701 2482 nullo
715 2416 855 2496 custode,
868 2439 927 2504 per
942 2416 1069 2484 herbas.

203 2519 355 2584 Irrmmm
367 2520 462 2600 ferro,
477 2533 509 2585 et
522 2520 612 2586 divos
628 2524 791 2606 ipsumque
806 2539 956 2584 vocamus

203 2621 241 2687 lu
254 2635 376 2708 partem
388 2621 593 2709 predamque
606 2623 732 2689 Jovem.
776 2621 857 2686 Tum
872 2621 976 2686 littore
990 2642 1087 2688 curvo

204 2724 465 2812 Emuuimusque
479 2739 575 2806 toros,
587 2724 785 2811 dapibusque
800 2723 964 2810 epulamur
977 2727 1101 2809 opimis.

200 2830 248 2897 At
260 2828 372 2892 mbitae
386 2827 536 2894 borrifico
549 2825 641 2912 lapsu
655 2824 696 2892 de
710 2825 865 2891 montibus
880 2825 993 2892 adsunt

202 2929 375 3016 Harpyias,
388 2943 420 2996 et
433 2933 555 3017 maguis
569 2931 711 3014 quatiunt
724 2927 925 3016 clangoribus
939 2927 1016 3010 alas,

200 3031 426 3120 Diripiantque
441 3030 551 3118 dapes,
565 3045 773 3116 contactuque
786 3035 892 3098 omnia
905 3031 1025 3098 ioedant

202 3134 383 3202 immundo=
406 3150 470 3202 mm
484 3157 548 3200 vox
562 3147 674 3202 tetrum
690 3133 761 3200 dira
775 3137 856 3200 inter
869 3133 1010 3200 odorem.

84 3226 91 3237 ¹
203 3238 342 3305 Rursum
356 3243 390 3306 in
403 3259 530 3304 secessu
545 3237 638 3324 longo
651 3237 710 3302 sub
723 3257 803 3322 rupe
818 3234 940 3316 cavati,

198 3341 383 3408 Arboribus
396 3342 496 3408 clausi
510 3339 632 3408 circum
647 3338 954 3441 atquexhorrentibus
963 3340 1097 3430 lambris,

201 3447 388 3512 lnsnuimus
400 3467 535 3527 mensas,
550 3447 676 3529 arisque
690 3445 870 3529 reponimus
883 3444 1006 3529 igriemz

201 3547 342 3614 Rursum
357 3569 399 3614 ex
413 3548 540 3614 diverso
554 3547 628 3612 coeii
642 3549 800 3629 caecisque
816 3544 946 3611 latebris

200 3651 315 3716 Turba
330 3673 444 3718 sonans
458 3650 599 3736 predam
612 3647 749 3736 pedibus
763 3645 967 3713 circumvolat
980 3649 1091 3727 uncis;

201 3751 318 3818 Polluit
331 3775 387 3820 ore
402 3752 512 3840 dapes.
556 3755 657 3820 Sociis
670 3766 745 3818 tunc
759 3771 848 3816 arum
861 3761 1027 3836 capessant

197 3855 318 3936 Edico,
331 3867 363 3921 et
377 3855 447 3922 dira
462 3855 580 3922 bellum
592 3877 665 3922 cum
678 3868 771 3944 gente
784 3850 967 3942 gerandum.

197 3956 304 4023 Haud
319 3979 410 4026 secus
425 3980 464 4024 ac
474 3961 553 4048 jussi
569 3959 695 4039 iaciunt,
710 3969 871 4042 tectosque
885 3975 943 4040 per
958 3954 1090 4024 herbam

194 4059 385 4148 Disponunt
397 4084 500 4146 enses,
510 4056 545 4130 'et
559 4076 648 4130 scuta
662 4061 791 4130 latentia
806 4057 954 4126 condunt·
