2928 5002
594 399 709 462 LIBER
730 402 779 464 111.

202 549 339 616 Servitio
355 546 517 630 assuerim,
533 552 607 639 ipsis
623 575 642 617 e
657 556 813 640 torquibus
829 569 916 643 aptos

201 653 305 740 Junge
322 676 426 740 pares,
443 671 474 720 et
491 678 568 741 coge
585 658 711 744 gradum
724 660 865 726 conferre
876 661 1051 748 juvencos3

202 761 310 846 Atque
325 761 386 827 illis
395 762 463 849 jam
479 762 560 849 sepe
576 778 648 828 rote
664 765 813 847 ducantur
829 766 934 830 inanes

203 865 269 932 Per
284 880 412 948 terram,
427 883 460 933 et
474 889 594 934 summo
609 873 735 956 vestigia
750 871 875 956 pulvere
892 874 1019 958 signent.

203 971 282 1036 Pdst
296 972 401 1036 valido
416 974 516 1038 nitens
528 975 584 1038 sub
601 976 738 1060 pondere
755 973 873 1061 faginus
889 977 956 1041 axis

202 1075 370 1166 Instrepat,
387 1069 549 1165 etjunct'os
564 1094 649 1145 temo
665 1082 765 1146 trahat
781 1104 877 1146 aereus
892 1082 994 1147 orbes.

205 1179 336 1247 Interea
349 1184 420 1268 pubi
436 1186 588 1248 indomite
605 1207 666 1249 non
682 1187 819 1270 gramina
835 1185 964 1262 testium,

207 1287 283 1354 Neo
298 1311 405 1355 vescas
419 1291 699 1373 salicum.lrondes,
716 1292 879 1376 ulvamque
895 1291 1073 1377 palustrem,

208 1393 276 1460 Sed
288 1393 439 1461 flumenta
449 1419 543 1462 manu
558 1419 667 1484 carpes
680 1413 767 1462 sata:
790 1419 849 1462 nec
865 1397 918 1462 tibi
935 1397 1028 1477 soeta,

206 1497 296 1564 More
311 1515 446 1586 patrum,
462 1503 552 1566 nivea
566 1503 736 1588 implebunt
751 1501 927 1566 mulctraria
941 1523 1066 1583 vacce3

205 1603 271 1670 Sed
287 1619 354 1670 tota
368 1607 400 1671 in
416 1607 524 1671 dulces
539 1624 722 1676 consument
737 1608 833 1673 ubera
847 1623 946 1674 natos.

248 1707 306 1774 Sin
322 1711 362 1774 ad
380 1711 462 1775 bella
474 1708 571 1796 magis
587 1713 732 1790 studium,
748 1726 924 1798 turmasque
941 1710 1072 1794 feroces,

201 1816 268 1878 Ant
281 1816 408 1901 Alphea
423 1818 496 1881 rotis
510 1817 633 1902 prelabi
648 1818 774 1884 flumina
788 1818 880 1899 Pisa,

204 1917 249 1986 Et
263 1921 350 1987 Josis
364 1923 396 1986 in
411 1923 484 1987 luco
499 1945 606 1988 currus
622 1925 736 2008 agitare
751 1925 911 2007 rolante33

206 2026 329 2092 Primus
345 2029 418 2114 equi
433 2029 519 2093 labor
535 2044 583 2093 est
594 2031 711 2095 animos
728 2043 819 2116 atque
835 2053 919 2096 anna
935 2031 1042 2097 videre

203 2128 395 2213 Bellanttim,
411 2135 562 2221 lituosque
577 2138 652 2222 pati,
668 2151 827 2224 tractuque
844 2153 1025 2223 gementem

206 2237 303 2303 Ferre
319 2253 431 2320 rotam,
447 2253 479 2304 et
493 2242 612 2307 stabulo
628 2242 737 2307 frenos
753 2244 859 2308 audire
875 2259 1029 2321 sonantes,

204 2343 291 2408 Tum
305 2343 404 2430 magis
420 2359 510 2431 atque
526 2336 758 2432 magls'blandis
770 2347 906 2431 gaudere
922 2347 1057 2431 magistri
1178 2351 1240 2412 tea

207 2447 377 2527 Laudibus,
393 2465 425 2514 et
438 2453 552 2537 plausa
568 2452 699 2516 sonitum
715 2453 844 2514 cervicis
860 2471 976 2514 amare.

208 2553 313 2638 Atque
329 2556 468 2642 baojam
482 2558 583 2641 primo
599 2554 745 2639 depulsus
760 2555 798 2620 ab
814 2555 909 2618 ubere
925 2555 1029 2619 mauu

208 2660 343 2741 Audeat,
357 2664 448 2750 ioque
460 2665 561 2728 ricem
577 2664 631 2727 det
646 2661 788 2727 mollibus
802 2683 857 2727 ora
872 2661 1012 2744 capistris

204 2762 370 2846 Invalidus,
386 2769 540 2852 etiamque
556 2781 702 2843 tremens,
718 2767 811 2831 etiam
827 2765 939 2830 inscius
955 2764 1023 2828 evi.

194 2869 259 2948 -At,
274 2871 371 2936 tribus
386 2873 516 2949 exactis,
534 2873 583 2936 ubi
601 2886 706 2957 quarta
723 2872 889 2937 accesserit
904 2885 1002 2950 aestas,
1177 2873 1239 2937 190

204 2971 346 3059 Carpere
363 2999 437 3041 mox
453 2999 562 3062 gyrum
577 2978 710 3062 incipiat,
727 2977 932 3063 gradibusque
949 2997 1058 3042 sonare

204 3078 406 3168 Compositis,
423 3084 583 3167 sinuetque
600 3085 714 3147 alterna
728 3084 883 3146 volumina
898 3102 1033 3161 crurum,

205 3187 314 3273 Sitque
330 3188 480 3252 laboranti
496 3189 623 3268 similis3
646 3201 710 3252 tum
726 3187 866 3253 cursibus
881 3207 971 3250 auras

203 3291 291 3358 Tum
306 3308 418 3371 vocet;
442 3315 479 3357 ac
494 3315 550 3378 per
566 3307 670 3377 aperta
687 3292 802 3369 volans,
819 3313 877 3356 ceu
890 3289 966 3354 liber
979 3291 1116 3371 habenis,

200 3397 355 3482 AEquora,
370 3399 423 3463 vix
435 3397 555 3463 summe
570 3398 697 3482 vestigia
712 3411 805 3483 ponat
820 3391 924 3460 areni.
1176 3400 1236 3463 195

203 3501 317 3580 Qualis
333 3502 546 3591 Hyperboreis
561 3504 675 3588 Aquilo
692 3523 785 3587 quum
801 3500 914 3564 densus
930 3500 968 3564 ab
983 3501 1044 3566 oris

201 3607 357 3690 Incubuit,
375 3609 571 3696 Scytbieque
587 3608 814 3692 hiemes-atque
831 3603 916 3669 arida
932 3605 1033 3669 differt

200 3711 339 3778 Nubila:
361 3730 426 3780 tum
439 3723 560 3802 segetes
575 3717 641 3780 alta
658 3716 819 3800 campique
835 3726 974 3778 natantes

201 3815 344 3884 Lenibus
358 3819 539 3886 horrescunt
553 3819 667 3897 flabris,
680 3838 865 3904 summeque
882 3837 1023 3880 sonorem

195 3923 288 3990 Dant
303 3925 394 4004 silvae,
406 3926 550 4013 longique
567 3942 675 4011 urgent
690 3926 730 3991 ad
744 3925 843 3990 littora
858 3923 969 3988 fluctus
983 3947 994 3985 :¹
1168 3929 1234 3989 200

197 4029 259 4096 llle
275 4032 367 4110 volat,
383 4033 472 4097 simul
488 4055 561 4098 arva
573 4031 655 4118 lugd,
672 4031 761 4095 simul
777 4050 898 4115 equora
912 4050 1046 4097 verrens.

243 4133 313 4204 Hic
326 4138 377 4202 rel
392 4139 430 4204 ad
448 4137 520 4206 Elei
535 4152 633 4206 metas
649 4151 680 4204 et
695 4137 829 4202 maxima
844 4134 943 4219 campi
