2648 5288
517 744 631 825 naun
651 744 686 806 n.
1101 756 1139 811 55

110 882 338 969 Assuetumque
353 881 437 947 malo
453 879 610 969 Ligurem,
625 881 816 969 Volscosque
831 898 967 964 verutos,

111 984 252 1068 Exurlit3
274 989 340 1053 hec
356 986 488 1068 Decios,
502 984 628 1067 Marios,
642 1000 830 1074 magnosque
845 986 1011 1068 Camillos,

111 1093 274 1181 Scipiadas
288 1092 382 1157 duros
396 1092 491 1172 bello,
502 1108 533 1158 et
547 1105 590 1171 te,
605 1095 739 1158 maxime
756 1090 872 1172 Cesar,
1076 1098 1142 1158 170

111 1196 174 1273 Qui
190 1220 272 1263 nunc
288 1198 437 1263 extremis
452 1199 533 1264 Asine
544 1197 610 1286 jam
625 1198 764 1264 victorin
779 1199 841 1263 oris

112 1302 269 1369 lmbellem
286 1304 396 1369 avertis
411 1305 560 1371 Romanis
575 1304 696 1370 arcibus
711 1303 832 1369 ludum.

113 1407 216 1489 Salve,
231 1430 343 1493 magna
358 1430 469 1495 parens
484 1406 616 1497 frugum,
631 1409 773 1477 Saturnia
788 1411 887 1490 lellus,

112 1514 229 1600 Magna
238 1514 358 1578 virum:
379 1515 433 1580 ulei
448 1536 497 1580 res
511 1515 640 1602 antique
651 1516 751 1581 laudis
766 1531 798 1580 et
813 1517 885 1581 artis

112 1620 282 1707 ingredior,
295 1633 416 1685 sanctos
432 1641 523 1685 ausus
538 1621 699 1687 recludere
716 1621 834 1702 fontes3
1078 1622 1143 1684 1¹1⁵

112 1726 331 1810 Astreumque
346 1746 424 1791 cano
439 1725 581 1791 Romana
589 1748 647 1811 per
661 1727 773 1813 oppida
784 1747 920 1793 carmen.

157 1827 248 1894 Nunc
265 1830 352 1894 locus
367 1850 507 1893 arvorum
523 1829 671 1914 ingeniis:
694 1850 759 1916 quae
773 1831 882 1896 robora
899 1833 1022 1918 cuique,

110 1934 190 2010 Quis
204 1935 302 2011 color,
319 1948 430 2020 etque
445 1936 483 1999 sit
498 1934 589 2000 rebus
604 1950 710 2001 natum
723 1935 866 2001 serendis.

109 2040 261 2104 Difficiles
275 2039 406 2124 primum
419 2053 516 2119 terrae,
528 2040 683 2127 collesque
698 2040 832 2125 maligui,

109 2143 230 2213 Tenuis
241 2145 293 2209 ubi
310 2144 425 2237 argilla,
441 2159 472 2209 et
487 2145 622 2211 dumosis
636 2146 773 2234 calculus
788 2148 876 2224 arvis,
1078 2151 1143 2214 len

109 2248 253 2316 Palladii
266 2250 402 2335 gaudent
417 2247 492 2314 silvi
501 2251 615 2315 vivacis
626 2250 722 2315 olive.

111 2353 228 2421 Indicio
243 2369 291 2421 est
305 2366 404 2419 tractu
419 2375 547 2439 surgens
562 2356 693 2421 oleaster
709 2357 819 2421 eodem

111 2458 277 2537 Plurimus,
293 2475 326 2524 et
339 2460 423 2525 sirau
434 2458 538 2524 beccis
553 2459 737 2525 silvestribus
751 2461 827 2545 agri.
955 2499 959 2506 ·
1010 2446 1013 2453 ¹

113 2568 153 2631 At
167 2586 233 2651 que
248 2564 370 2652 pinguis
384 2564 506 2645 humus,
521 2565 664 2651 dulcique
680 2566 790 2652 uligine
806 2567 883 2647 len,

111 2670 235 2756 Quique
251 2670 396 2756 frequens
411 2670 512 2737 herbis
528 2684 559 2736 et
574 2669 679 2736 fertilis
693 2671 789 2737 ubere
803 2691 942 2759 campus,
1076 2676 1139 2739 185

111 2774 246 2851 Qualem
260 2775 341 2863 supe
357 2773 435 2840 cavis
450 2778 559 2841 montis
574 2777 712 2841 convalle
728 2777 862 2840 solemus

114 2879 274 2966 Dispicere
283 2904 295 2961 ;
317 2882 379 2944 huc
395 2882 519 2947 summis
534 2881 689 2966 liquuntur
703 2878 829 2965 rupibus
845 2900 962 2957 amnes,

115 2985 313 3073 Felicemque
328 2988 450 3052 trahunt
464 2986 590 3067 limum3
614 2986 726 3071 quique
743 2985 843 3049 editus
858 3000 969 3064 austro,

114 3089 158 3157 Et
172 3092 282 3157 filicem
297 3092 400 3156 curvis
415 3091 539 3156 invisam
551 3093 649 3177 pascit
663 3092 768 3156 aratris
782 3113 791 3153 ε

113 3200 177 3268 Hie
191 3203 244 3266 ubi
255 3200 432 3288 praevalidas
447 3201 519 3266 olim
535 3201 691 3286 multoque
706 3199 839 3265 fluentes
1072 3205 1136 3273 190

112 3308 255 3373 Sufficiet
267 3305 397 3374 Baccho
410 3308 505 3386 vites3
527 3307 577 3372 hic
593 3305 698 3372 fertilis
713 3324 788 3384 uve,
815 3286 822 3297 ’

114 3414 179 3480 llic
193 3415 299 3494 laticis,
316 3412 438 3499 qualem
454 3412 566 3498 pateris
577 3406 704 3476 libamu's
720 3427 751 3476 et
766 3432 852 3492 auro,

113 3519 232 3586 Iulianis
246 3539 340 3605 quum
355 3518 474 3605 pinguis
489 3515 565 3581 ebur
578 3516 759 3600 Tyrrhenus
774 3515 813 3580 ad
828 3538 906 3598 aras,

112 3625 269 3693 lancibus
282 3637 314 3690 et
328 3623 437 3710 pandis
453 3621 597 3687 sumunda
613 3623 770 3687 reddimus
785 3637 868 3687 exta.

111 3731 169 3798 sin
184 3745 320 3796 armenta
333 3727 430 3812 magis
441 3726 572 3794 studium
584 3726 752 3812 vitulosque
763 3726 853 3806 tueri,
1076 3734 1136 3794 195

111 3837 179 3900 Aut
193 3834 283 3901 {murs
293 3834 409 3913 ovium,
424 3846 477 3898 aut
491 3845 614 3897 urentes
629 3831 710 3897 culta
726 3831 883 3918 capellas5

114 3940 218 4007 sums
231 3942 366 4008 etssturi
382 3941 476 4026 perito
490 3938 652 4024 longinqua
667 3938 807 4018 Tarenti,

113 4046 159 4111 ln
172 4046 291 4132 qualem
302 4043 410 4111 infelix
424 4044 522 4110 amisit
537 4043 663 4109 Mantua
678 4063 833 4129 campum,

114 4152 299 4218 Pascentem
313 4153 421 4219 niveos
435 4151 567 4217 herboso
583 4150 706 4216 flumine
722 4169 847 4235 cycnos.

110 4255 189 4327 Neu
201 4261 304 4348 liquidi
320 4259 463 4346 gregsssus
476 4256 587 4335 fomes,
601 4277 662 4321 non
678 4255 824 4341 gramina,
840 4253 991 4341 deerun13
1072 4259 1138 4320 200

112 4365 160 4432 Et
175 4366 317 4450 quandum
330 4363 428 4450 longis
442 4377 569 4451 carpent
583 4375 719 4428 armenta
735 4361 853 4438 diebus,

110 4470 237 4559 Exigui
249 4471 366 4539 uatum
381 4466 500 4557 gelidus
513 4489 565 4537 rus
578 4480 669 4561 nocte
684 4482 821 4552 reponet.
