2928 5002
444 949 1062 1042 GEORGICORUM

568 1251 709 1318 cinca
731 1251 944 1320 nasama.
1081 1331 1085 1338 ,

262 1445 315 1512 Tr:
332 1468 463 1532 quoque,
479 1467 589 1530 magna
606 1444 709 1525 Pales,
726 1459 757 1510 et
772 1460 814 1525 te,
830 1448 1040 1526 memorande,
1056 1471 1213 1527 canemus,

264 1552 427 1634 Pastorpb
445 1554 619 1637 Amphryso
633 1576 643 1632 3
666 1575 730 1628 vos,
746 1554 838 1630 silve,
855 1575 1022 1639 amnesque
1038 1555 1155 1638 Lycei.

263 1656 395 1735 Cretera,
412 1680 478 1742 quae
494 1680 606 1723 vacuas
621 1659 787 1722 tenuissent
803 1661 939 1724 carmine
955 1673 1085 1739 mentes,

264 1763 453 1856 Omninq'qm
468 1764 610 1848 vulgata:
635 1765 702 1848 quis
718 1780 769 1828 aut
785 1762 962 1849 Eurysthea
977 1766 1098 1842 durum,

262 1873 326 1936 Aut
341 1855 476 1935 illaudati
491 1871 589 1934 nescit
604 1869 755 1934 Busiridis
771 1869 865 1934 aras?
1273 1873 1295 1932 5

263 1973 324 2038 Cui
341 1997 400 2040 oon
417 1973 517 2039 dictus
533 1971 632 2057 Hylas
647 1984 735 2057 puer,
752 1987 783 2038 et
797 1972 929 2038 Latonia
944 1973 1052 2052 Delos,

264 2080 536 2167 Hippodameque,
552 2080 743 2164 humeroque
759 2077 875 2164 Pelops
889 2081 1013 2164 insignis
1029 2081 1155 2158 ebnmo,

261 2187 347 2250 Acer
362 2184 475 2270 equis?
498 2181 661 2248 Tentandn
677 2183 725 2247 via
742 2198 797 2262 est,
815 2181 876 2267 qud
889 2203 940 2246 me
958 2203 1081 2267 quoqne
1098 2186 1212 2268 possim

261 2291 389 2357 Tollere
405 2291 509 2368 humo,
525 2290 682 2374 victorque
698 2287 795 2352 virhm
811 2288 935 2352 volitare
952 2309 1007 2372 per
1022 2309 1087 2352 ora.

262 2397 385 2464 Primus
400 2417 459 2482 ego
474 2396 504 2460 in
520 2397 649 2481 patriam
664 2415 799 2470 mecum,
815 2393 909 2458 modb
924 2394 984 2458 vita
999 2394 1139 2479 supersit,
1256 2397 1299 2458 10

263 2502 364 2566 Aonio
379 2501 503 2566 rediens
518 2501 671 2565 deducam
687 2500 802 2563 vertice
815 2496 943 2562 Musas:

263 2607 386 2674 Primus
401 2607 552 2672 ldumnas
567 2601 698 2670 reseram
714 2603 779 2680 tibi,
796 2601 935 2682 Mantua,
952 2601 1091 2687 palmas;

264 2712 308 2780 Et
322 2713 410 2777 viridi
425 2713 455 2776 in
471 2732 583 2796 campo
598 2711 746 2794 templum
761 2708 801 2772 de
818 2729 969 2773 marmore
986 2729 1108 2794 ponam,

263 2817 396 2902 Propter
413 2838 534 2899 aquam,
551 2816 645 2878 tardis
661 2814 766 2896 ingens
783 2812 833 2872 ubi
849 2810 979 2875 flexibus
995 2827 1076 2877 errat

264 2922 407 2996 Mincius,
425 2931 455 2980 et
470 2915 578 2980 teneri
592 2915 733 3000 preterit
749 2914 895 2978 arundine
912 2916 1004 3000 ripas.
1253 2919 1295 2980 15

262 3025 298 3089 ln
313 3023 414 3087 medio
430 3021 503 3084 mihi
519 3019 625 3084 Cesar
641 3017 708 3097 erit,
725 3019 933 3104 templumque
949 3021 1074 3087 tenebit.

263 3129 311 3194 Illi
326 3129 424 3192 victor
435 3146 505 3211 ego,
522 3137 553 3190 et
567 3125 665 3208 Tyrio
681 3139 864 3210 conspectus
878 3125 907 3190 in
924 3141 1016 3205 ostro,

264 3235 400 3300 Centum
416 3231 612 3317 quadrijugos
625 3231 744 3314 agitabo
761 3233 799 3294 ad
816 3230 940 3296 flumina
956 3253 1074 3296 currus.

264 3341 386 3408 Cuncta
403 3339 487 3416 mihi,
503 3337 658 3422 Alpheum
673 3336 812 3421 linquens
828 3338 974 3424 lucosque
991 3337 1153 3418 Molorchi,

264 3445 414 3514 Cursibus
426 3458 457 3507 et
471 3443 568 3508 crudo
583 3443 731 3506 decernet
747 3441 866 3506 Gracia
882 3457 985 3508 cestu.
1250 3445 1294 3506 20

264 3553 347 3637 lpse,
363 3563 456 3635 caput
472 3565 562 3612 tonsa
580 3545 658 3610 loliis
672 3561 796 3612 ornatus
810 3547 907 3627 oliva,

264 3657 358 3722 Dona
373 3657 481 3720 leram.
506 3653 577 3718 Jam
592 3674 672 3716 nunc
689 3654 842 3720 solemnes
857 3657 972 3720 ducere
988 3675 1117 3741 pompas

264 3764 315 3826 Ad
333 3761 460 3828 delubra
469 3760 566 3846 jurat,
583 3779 739 3841 cesosque
755 3760 859 3824 videre
869 3761 1040 3846 juvencos:

265 3865 326 3930 Vel
343 3853 437 3930 scena
452 3878 485 3928 ut
498 3863 595 3926 versis
610 3862 749 3927 discedat
764 3861 920 3940 frontibus,
937 3881 1030 3951 utque

265 3973 427 4059 Purpurea
443 3971 550 4035 intexti
564 3969 671 4034 tollant
686 3969 782 4035 aulea
796 3969 945 4036 Britanni.
1249 3972 1293 4032 25

264 4081 300 4145 ln
316 4079 430 4144 loribus
445 4096 577 4161 pugnam
594 4095 634 4140 ex
649 4095 724 4139 auro
740 4075 898 4162 solidoque
914 4077 1076 4162 elephanto

264 4184 475 4270 Gangaridum
490 4180 612 4258 sociam,
629 4181 810 4266 victorisque
827 4203 911 4250 arma
926 4181 1071 4262 Quirini5
