2756 5010
231 417 290 474 252
672 409 862 470 mutos

273 571 331 633 Ast
345 591 413 654 ego,
428 590 540 656 magna
553 567 643 632 Jovis
657 569 783 653 conjux,
796 565 839 630 nil
854 565 994 651 linquere
1008 565 1145 629 inausum

275 674 354 756 Quae
369 677 455 758 potui
470 673 588 752 infelix,
602 693 671 755 quae
687 683 800 734 memet
814 672 844 733 in
859 671 962 734 omnia
976 670 1064 747 verti,

277 777 398 840 Vincor
413 777 456 840 ab
470 775 581 840 AEneei.
624 773 758 857 Quodsi
774 795 843 836 mea
858 776 982 836 numina
998 795 1058 836 non
1073 785 1140 836 sunt
1229 773 1274 831 tto

276 877 394 965 Magna
408 880 494 958 satis,
507 877 648 942 dubitem
664 877 748 940 haud
763 875 908 961 equidem
923 875 1090 961 implorare
1105 873 1181 960 quod

362 1003 492 1066 usquam
501 995 558 1046 est.

278 1085 420 1150 Flectere
436 1087 462 1149 si
477 1106 598 1170 nequeo
613 1087 759 1170 Superos,
774 1083 953 1148 Acheronta
968 1082 1112 1146 movebo.

277 1189 349 1255 Non
363 1190 490 1254 dabitur
504 1189 606 1274 reguis
619 1189 729 1271 (esto)
743 1187 912 1273 prohibere
926 1187 1058 1266 Latinis,

277 1296 381 1379 Atque
396 1297 521 1358 immota
536 1305 639 1356 manet
654 1291 726 1356 satis
742 1292 875 1355 Lavinia
890 1291 1025 1375 conjux:

278 1399 320 1460 At
334 1395 469 1474 trahere,
483 1407 576 1478 atque
591 1415 693 1458 moras
709 1395 800 1458 tantis
816 1394 889 1456 licet
904 1391 1023 1456 addere
1037 1390 1147 1470 rebus3
1232 1393 1275 1448 315

277 1500 319 1562 At
334 1497 408 1562 licet
423 1497 585 1560 amborum
599 1495 731 1582 populos
746 1495 930 1560 exscindere
946 1515 1064 1580 regum.

278 1599 351 1663 Hec
366 1619 462 1684 gener
476 1611 571 1682 atque
585 1620 677 1662 socer
689 1601 802 1662 coeant
817 1595 964 1662 mercede
978 1619 1113 1660 suorum.

277 1701 433 1786 Sanguine
448 1699 586 1785 Trojano
601 1713 631 1762 et
647 1699 763 1764 Rutulo
777 1699 939 1778 delabere,
952 1700 1057 1785 virg03

276 1801 317 1866 Et
332 1801 463 1866 Bellona
478 1815 581 1864 manet
596 1815 625 1864 te
640 1803 795 1886 pronuba.
840 1803 907 1866 Nec
923 1802 993 1866 sace
1008 1800 1126 1866 tantrim

275 1905 394 1969 Cisseis
408 1927 573 1990 praegnans
587 1905 673 1990 ignes
688 1907 780 1970 enixa
791 1906 914 1992 jugales
926 1931 935 1985 3
1232 1904 1278 1964 330

274 2009 358 2091 Quin
374 2007 456 2071 idem
474 2007 593 2072 Veneri
608 2019 715 2091 partus
730 2029 812 2086 suus,
827 2021 858 2071 et
875 2009 961 2072 Paris
975 2007 1064 2088 alter,

277 2109 480 2194 Funestaeque
496 2113 605 2173 iterum
623 2109 762 2173 recidiva
778 2113 810 2172 in
827 2110 977 2195 Pergama
993 2111 1094 2176 taedae.

319 2215 401 2278 Haec
417 2214 471 2278 ubi
486 2212 573 2278 dicta
587 2213 684 2292 dedit,
698 2226 799 2276 terras
813 2211 970 2278 horrenda
983 2216 1104 2298 petivit.

274 2317 461 2383 Luctificam
476 2317 600 2382 Allecto
614 2317 753 2380 dirarum
768 2316 810 2380 ab
825 2315 900 2380 sede
915 2315 1046 2380 dearum

275 2419 468 2507 infernisque
483 2425 545 2486 ciet
560 2421 717 2499 tenebris3
738 2419 900 2484 cui-tristia
917 2419 1011 2498 bella,
1236 2417 1280 2477 set

275 2525 407 2610 Iraeque,
421 2525 616 2609 insidiaeque‚
631 2537 661 2588 et
676 2523 805 2586 crimina
819 2521 913 2585 noxia
928 2521 1027 2586 cordi.

274 2625 349 2691 Odit
365 2642 395 2690 et
410 2631 477 2712 ipse
492 2641 582 2714 pater
597 2626 718 2704 Pluton,
732 2623 829 2688 odere
844 2645 968 2688 sorores

275 2730 435 2795 Tartareae
451 2745 639 2794 monstrum:
663 2741 705 2791 tot
720 2750 788 2792 sese
804 2731 898 2790 vertit
913 2731 944 2791 in
959 2749 1027 2806 ora,

274 2833 355 2898 Tam
371 2853 462 2896 saevae
477 2835 586 2912 iacies,
601 2845 645 2896 tot
659 2831 790 2917 pullulat
805 2844 872 2895 atra
887 2831 1034 2895 colubris.

274 2934 376 3014 Quam
391 2936 473 2998 Juno
489 2934 536 2998 his
551 2935 634 2998 acuit
649 2935 765 3014 verbis,
780 2957 818 2998 ac
833 2934 908 2998 talia
924 2935 1025 2998 sature
1235 2935 1282 2996 330

276 3036 372 3100 Hunc
387 3035 463 3098 mihi
478 3035 519 3100 da
534 3036 703 3121 proprium,
718 3039 807 3124 virgo
822 3049 890 3100 sata
905 3035 1015 3114 Nocte,
1033 3035 1181 3118 laborem,

273 3137 370 3202 Hanc
385 3159 533 3222 operam3
556 3159 593 3202 ne
608 3151 713 3204 noster
728 3137 826 3202 honos
841 3139 1013 3202 infractave
1027 3141 1123 3206 cedat

274 3240 372 3305 Fama
387 3240 477 3320 loco;
499 3263 559 3306 neu
574 3241 737 3306 connubiis
752 3243 873 3308 ambire
889 3244 1034 3308 Latinum

273 3341 428 3408 AEneadae
442 3344 568 3430 possint,
584 3344 717 3408 Italosve
732 3344 880 3410 obsidere
896 3345 983 3410 fines.
1347 3359 1348 3403 t

273 3445 323 3510 Tu
338 3459 427 3533 potes
441 3449 609 3510 unanimos*
618 3467 742 3512 armare
757 3450 788 3512 in
804 3447 917 3532 proelia
933 3449 1054 3530 fratres,
1235 3450 1285 3508 335

272 3551 377 3636 Atque
390 3548 470 3616 odiis
485 3571 613 3613 versare
627 3549 755 3614 domos:
778 3563 811 3614 tu
825 3553 960 3616 verbera
975 3555 1064 3618 tectis

272 3651 492 3738 Funereasque
507 3653 624 3718 inferre
639 3653 745 3717 laces:
769 3653 825 3717 tibi
839 3657 965 3720 nomine
980 3656 1075 3736 mille,

270 3755 359 3820 Mille
373 3756 507 3821 nocendi
522 3769 625 3820 artes:
647 3755 827 3822 seecundum
840 3771 972 3823 concute
986 3773 1105 3844 pectus,

270 3857 392 3944 Disjice
407 3862 610 3945 compositam
625 3881 746 3944 pacem,
760 3881 830 3924 sere
844 3861 975 3926 crimina
989 3861 1085 3926 belli:

269 3962 366 4025 Arma
380 3961 464 4040 velit,
479 3975 649 4047 poscatque
664 3961 764 4042 simul,
777 3963 943 4049 rapiatque
958 3967 1116 4050 juventus.
1238 3964 1289 4028 ³40
1345 4019 1346 4040 ,

311 4064 394 4128 Exin
408 4065 582 4151 Gorgoneis
597 4065 719 4131 Allecto
734 4067 849 4132 insecta
865 4072 993 4132 venenis

270 4165 427 4253 Principio
440 4168 568 4235 Latium
581 4183 614 4234 et
627 4169 794 4236 Laurentis
809 4183 892 4236 tecta
908 4175 1032 4258 tyranni
