2756 5010
213 469 268 528 l98
657 467 848 530 AENEIDOS

255 629 426 694 Porriciam
441 627 472 692 in
487 625 607 706 fluctus,
623 639 654 691 et
666 627 740 691 vina
754 624 905 710 liquentia
919 625 1058 692 lundam.

252 730 360 796 Dixit:
383 751 516 816 eumque
531 729 600 794 imis
615 729 674 794 snb
689 729 833 794 fluctibus
848 727 946 794 audiit
960 731 1060 794 omnis

196 817 201 834 ’
253 833 425 900 Nereidum
440 834 617 917 Phorcique
632 832 757 914 chorus,
773 833 983 919 Panopeaque
999 836 1109 922 virgo;

253 939 294 1004 Et
307 953 398 1026 pater
412 943 480 1026 ipse
494 959 588 1003 manu
603 937 716 1024 magrrh
727 937 881 1003 Portunus
896 952 1021 1004 euntem

252 1043 393 1132 Impulit:
415 1043 469 1108 illa
484 1043 567 1107 Noto
581 1040 672 1107 cithia
686 1041 868 1126 volucrique
883 1041 996 1132 sagittis

250 1150 302 1215 Ad
317 1165 434 1216 terram
448 1151 535 1237 fugit,
550 1161 581 1214 et
594 1161 685 1235 portu
701 1169 735 1212 se
749 1147 891 1213 condidit
906 1149 1025 1227 alto.„t

293 1255 376 1320 Tum
391 1267 475 1320 satus
490 1251 638 1333 Anchisi,
653 1255 774 1316 cunctis
791 1273 830 1318 ex
846 1273 932 1318 more
947 1245 1078 1334 vocatis,

250 1357 413 1424 Victorem
426 1353 540 1444 magni
554 1355 707 1442 praeconis
722 1376 800 1419 voce
815 1353 1006 1420 Cloanthum

248 1459 413 1540 Declarat,
427 1458 583 1543 viridique
597 1456 723 1523 advelat
739 1470 880 1544 tempora
895 1458 1004 1523 lauro:

248 1563 443 1648 Muneraque
458 1565 490 1627 in
505 1583 611 1641 naves,
626 1575 731 1626 ternos
746 1574 856 1647 optare
871 1563 1034 1648 juvencos,

248 1665 406 1750 Vinaque,
421 1679 452 1730 et
466 1667 588 1751 argenti
602 1685 747 1750 magnum
761 1663 815 1728 dat
829 1665 913 1730 serre
927 1665 1089 1732 talentum.

248 1767 326 1854 lpsis
341 1771 517 1854 praecipuos
533 1766 714 1832 ductoribus
730 1765 818 1831 addit
833 1765 988 1832 honores:

246 1871 373 1937 Victori
387 1869 589 1957 chlamydem
605 1883 757 1952 auratam,
772 1891 866 1954 quam
880 1869 1014 1958 plurima
1028 1876 1152 1938 circum

246 1974 389 2060 Purpura
405 1971 569 2038 Maeandro
583 1971 701 2058 duplici
716 1972 867 2038 Meliboea
881 1976 1038 2040 cucurrit:
1049 2027 1064 2062 ,Α

246 2077 446 2162 lntextusque
461 2097 539 2162 puer
554 2075 702 2141 frondosi
716 2079 819 2163 regius
835 2075 893 2142 ldt

244 2180 382 2248 Veloces
392 2181 500 2270 jaculo
515 2203 626 2246 cervos
641 2200 796 2266 cursuque
811 2181 929 2270 fatigat,

231 2286 340 2366 ,Acen
355 2283 515 2350 anhelanti
530 2284 658 2366 similis3
679 2305 772 2370 quem
786 2305 910 2372 praepes
926 2287 968 2350 ab
983 2285 1040 2350 ldi

208 2375 222 2414 ⁰
243 2395 415 2458 Sublimem
430 2392 565 2480 pedibus
580 2396 684 2478 rapuit
698 2391 788 2458 Jovis
803 2395 939 2479 armiger
953 2398 1062 2476 uncis;

242 2497 392 2586 Longaeii
407 2497 528 2584 palmas
542 2495 755 2582 nequidquam
770 2495 811 2561 ad
826 2494 933 2562 sidera
947 2497 1079 2564 tendmrt

241 2599 408 2682 Custodes,
422 2603 573 2685 saevitque
588 2619 702 2668 canum
716 2598 846 2665 latratus
862 2599 893 2664 in
908 2621 1012 2666 auras.

241 2707 294 2787 At,
309 2709 362 2792 qui
377 2703 492 2771 deinde
507 2704 611 2768 locum
626 2706 724 2768 tenuit
737 2707 852 2768 virtute
867 2703 1047 2788 secundum,

240 2809 382 2885 Levibus
397 2809 469 2874 huic
485 2807 585 2872 hamis
601 2819 777 2872 consertam
792 2827 930 2896 auroque
947 2807 1076 2874 trilicem

210 2931 213 2938 ·
243 2915 400 2991 Loricam,
414 2931 507 2994 quam
519 2907 673 2974 Demoleo
688 2907 871 2974 detraxerat
885 2909 953 2997 ipse

241 3019 355 3084 Victor
370 3010 454 3098 apud
469 3009 615 3094 rapidum
630 3010 788 3075 Simoenta
803 3011 862 3076 sub
878 3012 934 3078 llio
950 3014 1023 3095 alto,

239 3119 346 3185 Donat
360 3115 480 3180 habere
494 3112 571 3193 viro,
586 3109 683 3176 decus
699 3124 730 3177 et
745 3125 882 3179 tutamen
897 3119 929 3182 in
942 3118 1072 3183 armis*

238 3224 306 3292 Vix
321 3221 406 3287 illam
420 3217 527 3284 famuli
544 3217 686 3305 Phegeus
699 3219 888 3306 Sagarisque
903 3223 1049 3289 serebant

237 3325 456 3412 Multiplicem,
470 3321 597 3387 connixi
613 3321 769 3402 humeris3
791 3322 915 3390 indutus
930 3339 964 3391 at
977 3327 1050 3393 olim

237 3429 408 3496 Demoleos
422 3447 516 3491 cursu
531 3423 672 3512 palantes
687 3424 789 3490 Troas
805 3427 931 3514 agebat.

237 3535 346 3600 Tertia
362 3533 445 3599 dona
459 3533 534 3597 lacit
548 3536 687 3620 geminos
702 3552 743 3596 ex
758 3553 821 3598 aere
837 3533 967 3619 lebetas,

237 3639 438 3726 Cymbiaque
454 3650 583 3722 argento
595 3637 748 3722 perfecta,
763 3649 857 3724 atque
871 3661 985 3726 aspera
1000 3642 1107 3730 signis.

234 3745 369 3826 Jamque
385 3739 465 3806 adeo
480 3740 586 3805 donati
601 3763 717 3822 omncs,
732 3741 906 3828 opibusque
923 3745 1062 3832 superbi,

236 3847 380 3912 Puniceis
395 3846 483 3910 ibant
499 3847 614 3910 evincti
629 3857 770 3931 tempora
785 3848 905 3929 taeniis3

234 3953 348 4036 Quum,
363 3971 446 4014 savo
462 3971 479 4016 e
495 3949 623 4036 scopulo
637 3949 735 4016 multi
748 3953 803 4016 vix
818 3965 885 4018 arto
899 3952 1051 4036 revulsus,

233 4058 367 4121 Amissis
382 4056 486 4134 remis,
502 4067 595 4138 atquc
610 4051 721 4118 ordine
737 4053 852 4120 debilis
867 4079 938 4137 uno,

233 4157 360 4224 lrrisam
376 4156 441 4220 sine
457 4156 575 4222 honore
589 4171 689 4224 ratem
704 4157 866 4244 Sergestus
881 4161 1006 4246 agebat.
