2648 5288
37 22 1252 335 -

1169 382 1176 399 t

866 410 875 429 Ι

1307 542 1310 557 ι

534 800 650 860 LIBER
670 801 706 861 X.

123 940 307 1019 Dardanius
319 965 416 1039 eaput
430 972 505 1017 ecce
519 974 596 1038 puer
610 952 750 1017 detectus
765 952 935 1034 honestum,

122 1046 240 1130 Qualis
252 1077 383 1144 gemma,
397 1056 502 1133 micat,
517 1055 633 1120 iulvnm
649 1078 717 1138 quae
732 1056 845 1120 dividit
859 1078 977 1137 aurum,

123 1150 191 1217 Aut
206 1159 288 1224 collo
300 1158 410 1238 decus,
423 1173 478 1223 aut
491 1159 586 1244 capiti
598 1185 607 1237 ;
629 1158 677 1222 vel
694 1158 785 1243 quale
799 1181 857 1245 per
871 1173 969 1224 artem

123 1246 281 1326 luclusum
297 1262 391 1341 buxo,
405 1275 459 1326 aut
472 1261 579 1325 Oricia
593 1263 779 1341 terebintho,

123 1348 231 1428 Lucet
244 1363 337 1428 ebur:
359 1365 444 1428 t'usos
457 1364 566 1428 cervix
580 1368 631 1428 cui
647 1364 747 1429 lactea
761 1369 864 1430 crines

120 1454 264 1551 Accipit,
277 1465 407 1530 etmolli
422 1466 607 1529 subnectens
622 1466 755 1530 circulus
775 1488 863 1530 auro.

118 1550 171 1623 Te
186 1586 314 1653 qnoque
327 1569 527 1655 magnanime
544 1569 694 1649 viderunt,
710 1570 835 1649 lsmare,
849 1583 956 1657 gentes

117 1652 271 1737 Vulnera
282 1672 429 1758 dirigere,
443 1686 473 1735 et
488 1672 626 1737 calamos
642 1695 764 1737 armare
779 1695 909 1756 veneno,

113 1754 272 1855 llaeonit,
285 1797 445 1861 generose,
459 1775 553 1859 domo
561 1801 569 1854 3
591 1776 645 1839 ubi
659 1776 782 1861 pinguia
797 1775 881 1840 culta

111 1856 347 1962 &errantque
361 1878 429 1956 viri,
446 1877 650 1962 Pactolonque
666 1880 771 1966 irrigat
786 1902 874 1944 auro.

108 1963 225 2041 Affuit
238 1992 270 2042 et
285 1978 475 2058 Mnestheus,
491 2001 582 2062 quem
597 1979 677 2064 pulsi
691 1981 821 2065 pristina
835 1982 935 2047 Turni

105 2064 249 2162 Aggere
263 2104 421 2147 murorum
435 2082 598 2147 sublimem
612 2084 711 2169 gloria
726 2085 822 2149 tollit:

101 2160 156 2235 Et
173 2181 313 2272 Capys3
333 2185 406 2249 hinc
421 2206 532 2249 nomen
547 2185 718 2270 Campanae
733 2186 857 2250 ducitur
870 2187 954 2252 urbi.

155 2278 218 2351 llli
231 2288 312 2352 inter
324 2308 394 2351 sese
408 2286 479 2351 duri
493 2291 664 2352 certamina
679 2289 754 2354 belli

100 2371 350 2471 consueram
370 2391 472 2455 medii
486 2389 605 2456 AEneas
619 2393 698 2458 freta
712 2407 802 2459 nocte
817 2395 956 2459 secabat.

99 2472 270 2579 Namque
284 2508 318 2558 ut
331 2494 374 2558 ab
388 2493 537 2557 Evandro
551 2497 663 2558 castris
678 2497 832 2582 ingressus
849 2497 990 2562 Etruscis

101 2573 247 2681 Regem
261 2597 336 2677 adit,
349 2611 381 2662 et
395 2601 462 2684 regi
477 2613 628 2662 memorat
641 2621 816 2684 nomenque
830 2622 1006 2686 genusque3

97 2681 250 2767 Quidve
264 2712 360 2787 petat,
374 2698 490 2785 quidve
505 2703 572 2785 ipse
586 2701 676 2780 ferat,
692 2702 865 2766 Mezentius
880 2722 968 2767 arma
1097 2711 1158 2770 150

103 2784 205 2870 Qun
218 2804 278 2868 sibi
292 2802 447 2882 conciliet,
461 2803 659 2887 violentaque
674 2816 802 2886 pectora
816 2803 925 2884 Turni,

104 2882 265 2987 Educet3
287 2904 428 2970 humenis
443 2926 512 2989 quae
527 2908 567 2969 sit
582 2904 695 2968 fiducia
711 2906 805 2968 rebus

106 2992 302 3090 Admooem
323 3010 538 3092 immiscetque
553 3029 680 3091 preces:
704 3006 787 3071 haud
803 3007 837 3071 fit
850 3030 955 3090 mora3
976 3008 1106 3076 Tarcho

107 3092 231 3199 Jungit
244 3135 329 3200 opes,
342 3110 504 3196 ioedusque
518 3111 600 3175 serit.
645 3111 725 3175 Tum
742 3110 841 3176 libera
856 3114 911 3176 fati

110 3194 267 3282 classam
281 3214 462 3281 conscendit
472 3216 566 3301 jussis
579 3236 655 3300 gens
670 3215 776 3300 Lydia
790 3216 906 3295 divom,
1097 3226 1158 3283 155

114 3295 266 3385 E¹terno
278 3318 443 3384 commissa
457 3316 541 3380 duci.
585 3316 697 3381 AEneia
710 3319 822 3404 puppis

116 3397 233 3488 Prima
245 3434 338 3501 tenet,
351 3437 451 3486 rostro
467 3420 620 3505 Phrygios
635 3421 798 3506 subjuncta
813 3421 935 3488 leones:

120 3501 268 3590 lumine
282 3524 338 3589 lda
352 3546 455 3608 super,
469 3521 606 3608 profugis
620 3524 795 3607 gratissima
810 3525 953 3591 Teucris.

121 3603 199 3689 llic
211 3650 337 3715 mamus
350 3626 441 3692 sedet
454 3625 578 3704 AEneas,
593 3645 759 3711 secumque
774 3627 891 3692 volutat

120 3704 266 3796 Eventus
279 3730 355 3795 belli
369 3729 493 3794 varios:
516 3725 692 3812 Pallasque,
706 3730 829 3793 sinistro
1004 3768 1009 3777 -
1097 3743 1159 3801 160

120 3814 247 3901 lffixus
260 3836 360 3913 lateri,
369 3837 436 3921 jam
450 3834 560 3918 quaerit
574 3832 689 3911 sidera,
703 3856 811 3918 opacae

118 3912 237 4002 ll0ctis
250 3943 319 4017 iter,
329 3939 396 4024 jam
411 3958 480 4021 quae
496 3957 604 4020 passus
619 3935 763 4019 terraique
778 3942 930 4021 marique.

166 4031 397 4107 Panditenunc
413 4039 580 4115 Helicona,
594 4039 680 4114 Dee,
695 4053 864 4124 cantusque
880 4055 1019 4125 movete3

118 4118 210 4207 Qua
222 4166 329 4211 manus
342 4144 460 4208 interea
474 4143 585 4207 Tuscis
599 4144 762 4207 comitetur
775 4145 817 4207 ab
831 4145 894 4208 oris

120 4220 259 4327 Elaean,
272 4260 432 4330 armetque
447 4260 540 4325 rates,
555 4245 727 4330 pelagoque
742 4246 884 4310 vehatur.
1100 4257 1159 4320 165

170 4340 324 4415 Massicus
337 4347 432 4414 erest
444 4351 590 4434 princeps
605 4362 687 4411 secat
704 4369 829 4432 aequora
845 4349 948 4433 Tigri:

127 4429 203 4519 Sul,
213 4474 272 4539 quo
285 4452 492 4519 mille'manus
501 4453 661 4538 juvenum,
675 4453 728 4537 qui
743 4455 858 4518 moenia
873 4453 972 4534 Clusi,
