2648 5288
431 1122 672 1206 nenecn
700 1129 828 1211 v111.
887 1234 890 1239 Α

428 1406 559 1487 namen,
575 1411 824 1463 Ant’flssslsoeus.

137 1534 318 1603 Pasrosmr
333 1559 451 1604 musam
465 1540 616 1644 Damonis
630 1559 663 1610 et
673 1546 874 1632 Alphennoei,

139 1642 302 1708 lmmemor
314 1643 478 1708 herbarum
494 1668 570 1730 qnos
585 1664 632 1713 est
642 1652 749 1716 mirnta
759 1652 895 1738 juvenca

141 1744 311 1824 Cernentes,
327 1768 456 1830 quorum
471 1751 646 1835 stupescere
662 1756 796 1819 carmine
811 1757 927 1842 lynces,

138 1849 183 1915 Et
197 1865 313 1916 mutata
327 1872 399 1915 suos
412 1852 590 1937 requierunt
601 1855 726 1923 flumina
735 1881 864 1940 cursus;

136 1956 285 2022 Damonis
300 1978 418 2022 musam
433 1959 572 2025 dicemus
587 1975 619 2025 et
628 1961 829 2047 Alphesiboei.
1138 1974 1157 2031 5

179 2061 231 2124 Tu
247 2063 331 2141 mihi,
348 2083 402 2126 seu
418 2067 519 2148 magni
534 2087 660 2151 superas
670 2069 736 2154 jam
751 2089 827 2135 saxa
840 2071 974 2153 Timavi,

136 2165 209 2230 Sive
224 2187 310 2230 eram
325 2166 437 2249 lllyrici
452 2167 528 2252 legis
544 2174 693 2254 equoris3
715 2195 754 2237 en
769 2175 826 2239 erit
841 2198 973 2261 uuquam

135 2269 191 2336 lna
207 2272 284 2350 dies,
301 2272 374 2335 mihi
390 2293 482 2356 quum
498 2274 589 2339 liceat
603 2289 655 2341 tua
670 2278 774 2343 dicere
790 2277 896 2345 iacta?

138 2372 189 2439 En
203 2377 270 2454 erit,
286 2391 320 2439 ut
332 2375 424 2440 liceat
438 2389 534 2441 toturn
549 2380 621 2443 mihi
637 2380 717 2445 ferre
732 2403 788 2466 per
802 2385 908 2449 orbem

136 2480 398 2567 SelaScphocleo
412 2496 465 2547 tus
478 2487 613 2550 earmina
628 2487 719 2571 digna
732 2489 904 2554 cothurno?
1119 2496 1158 2555 10

137 2586 168 2649 A
180 2600 211 2650 te
226 2587 431 2673 principium
451 2589 504 2653 tibi
526 2590 664 2656 desinet=
687 2594 794 2680 accipe
805 2594 898 2679 jussis

136 2691 281 2756 Carmina
296 2707 398 2777 coepta
413 2693 481 2770 tuis,
498 2707 588 2779 atque
603 2696 681 2761 hanc
697 2698 762 2761 sine
777 2712 914 2782 tempora
930 2700 1045 2764 circum

138 2795 220 2860 Inter
233 2800 375 2863 victrices
390 2799 535 2864 hederam
551 2802 604 2864 tibi
619 2823 743 2886 serpere
759 2803 869 2866 lauros.

184 2900 304 2987 Frigida
319 2906 371 2968 vix
387 2905 466 2969 coeio
480 2908 578 2971 noctis
594 2907 771 2970 decesserat
786 2907 904 2984 umbra,

138 3007 242 3083 Quum
258 3032 307 3073 ms
322 3011 352 3072 in
368 3009 473 3073 teneri
487 3013 591 3096 pecori
607 3011 791 3095 gratissimus
805 3009 911 3088 herbis,
1115 3016 1154 3073 15

136 3113 319 3180 Incumbens
334 3118 421 3180 tereti
437 3117 559 3181 Damon
576 3118 619 3181 sic
635 3118 727 3200 coepit
748 3117 831 3179 olive
847 3137 855 3176 τ

180 3222 329 3300 Nascere,
346 3243 467 3307 praeque
483 3221 564 3286 diem
576 3223 700 3285 veniens
716 3243 783 3305 nge,
799 3218 936 3298 Luciser,
953 3220 1089 3300 almum3

136 3326 284 3413 conjugis
299 3329 421 3412 indigno
436 3326 518 3391 Nisae
535 3329 682 3413 deceptus
705 3348 808 3391 amore

135 3432 220 3496 Dum
237 3454 357 3517 queror,
373 3447 405 3497 et
418 3434 504 3498 divos
521 3431 708 3517 (quanquam
724 3433 764 3498 nil
781 3434 905 3498 testibus
920 3433 980 3508 illis

136 3536 275 3624 Pmt'eci)
293 3537 431 3601 extremi
445 3541 576 3603 moriens
587 3554 689 3603 tamen
705 3538 839 3622 alloquor
847 3535 938 3602 hori.
1115 3543 1161 3604 20

135 3644 242 3729 Incipe
258 3643 414 3708 Maenalios
426 3665 560 3720 mecum,
577 3665 645 3707 mea
660 3644 742 3720 tibia,
758 3663 872 3706 versus.

179 3748 326 3813 Menalus
341 3765 539 3834 argutumque
556 3770 663 3811 nemus
678 3749 825 3833 pinosque
842 3748 1001 3830 loquentes

138 3856 270 3940 Semper
285 3855 397 3935 habet;
419 3876 540 3939 semper
556 3869 708 3939 pastorum
725 3853 773 3916 ille
791 3851 874 3915 audit
889 3872 1018 3933 amores,

140 3958 300 4044 Panaque,
318 3961 368 4045 qui
383 3961 498 4044 primus
514 3961 646 4023 calamos
661 3980 720 4022 non
735 3977 841 4041 passus
858 3956 979 4020 inertes.

137 4063 241 4148 incipe
258 4063 415 4127 Maennlius
430 4084 563 4143 mecum,
579 4085 649 4129 mea
663 4064 747 4141 tibia,
764 4083 879 4126 versus.
1116 4066 1160 4127 25

182 4167 292 4253 Mopso
309 4169 385 4232 Nisa
401 4169 506 4234 datur!
532 4170 603 4253 quid
619 4190 678 4233 non
695 4188 852 4252 speremus
868 4166 1030 4233 amantes?

137 4272 307 4358 iungentur
317 4275 382 4360 jam
399 4276 531 4361 gryphes
547 4277 632 4360 equis
647 4299 657 4357 3
681 4295 804 4358 avoque
821 4275 957 4355 sequenti

138 4379 222 4444 Cum
237 4382 363 4446 canibus
378 4382 474 4445 timidi
489 4383 610 4449 venient
626 4382 664 4446 ad
677 4382 788 4467 pocula
803 4379 909 4441 deme.

138 4486 260 4575 Mopse,
276 4509 368 4556 novas
383 4488 483 4554 incide
499 4487 605 4567 faces3
627 4489 680 4558 tibi
696 4487 817 4552 ducitur
833 4504 931 4547 uxor:

494 4617 514 4675 4
