2928 5002
582 455 697 517 nmnn
717 457 766 517 ur.
859 413 861 418 ’

172 609 313 695 longius
329 629 371 674 ex
387 607 509 694 altoque
525 610 746 693 sinumtrahit3
769 624 874 698 utque,
891 613 1008 678 volutus

173 715 226 778 Ad
242 728 350 794 terras,
363 711 497 777 immane
514 729 600 778 sonat
614 735 670 800 per
686 733 772 794 saxa,
789 737 889 800 neque
907 719 972 803 ipso

174 819 286 884 Monte
302 821 400 883 minor
414 820 609 904 procumbit3
631 834 662 884 at
676 822 738 885 ima
749 835 899 886 exestuat
914 821 997 887 unda
1142 825 1209 886 240

178 922 366 1002 verticibus,
382 925 561 1008 nigramque
578 924 637 990 uite
653 927 805 1012 subjectat
820 947 954 992 arenam.
1086 934 1092 943 '

221 1029 327 1093 Omne
344 1028 424 1092 adeo
438 1026 535 1113 genus
549 1030 580 1093 in
595 1032 684 1094 terris
699 1032 926 1115 hominumque,
942 1031 1147 1117 ferarumque,

180 1129 225 1196 Et
241 1155 339 1218 genus
354 1154 539 1218 equoreum,
554 1135 703 1219 pecudes,
721 1137 870 1219 pictoque
886 1135 1036 1215 volucres,

180 1235 220 1302 ln
234 1237 329 1301 lunias
343 1240 502 1323 ignemque
517 1251 627 1302 ruunt:
650 1257 735 1303 amor
751 1238 891 1303 omuibus
906 1241 1001 1304 idern.

178 1343 344 1428 Tempore
358 1365 417 1407 non
433 1345 492 1408 alio
507 1344 676 1408 catulomm
691 1343 783 1408 oblita
799 1345 895 1409 leena
1146 1347 1211 1410 245

184 1449 302 1514 Senior
317 1450 579 1535 erravitcampis:
601 1471 661 1515 neo
676 1449 783 1514 funera
798 1448 889 1534 vulgd

183 1550 266 1616 Tam
282 1555 375 1617 multa
387 1553 531 1620 informes
546 1556 608 1618 ursi
624 1568 817 1639 stragemque
833 1553 948 1619 dedere

182 1655 248 1722 Per
261 1659 373 1724 siivas:
395 1674 458 1724 tum
474 1681 569 1726 sevus
584 1680 668 1746 aper,
684 1673 748 1724 tum
765 1660 895 1746 pessima
911 1660 1016 1746 tigris:

184 1764 279 1832 Heu!
303 1767 384 1832 male
401 1782 465 1832 tum
481 1770 586 1855 Libye
603 1771 674 1836 solis
689 1785 805 1836 erratur
821 1772 850 1836 in
867 1773 958 1856 agris.

183 1873 297 1938 Nonne
312 1875 401 1937 rides
416 1888 527 1939 uttota
540 1890 654 1940 tremor
669 1891 821 1961 pertentet
836 1897 985 1962 equorum
1146 1879 1213 1938 250

185 1975 337 2064 Corpora,
352 1981 379 2042 si
395 1979 510 2052 tantlrnr
527 1993 612 2044 notas
627 1981 704 2044 odor
719 1981 816 2044 attulit
830 1980 945 2045 auras?
1213 1973 1219 1989 '

186 2085 235 2147 Ao
251 2105 351 2169 neque
367 2104 423 2148 eoa
434 2083 499 2168 jam
515 2083 608 2149 irena
622 2083 731 2161 uirdm,
746 2105 847 2170 neque
864 2086 1096 2161 verberamur,

187 2185 258 2253 Non
273 2189 404 2274 scopuli,
419 2209 572 2274 rupesque
587 2211 680 2265 care,
693 2203 784 2274 atque
799 2189 920 2276 objecta
932 2189 1090 2254 retardant

188 2292 328 2360 Flumina
344 2311 503 2381 correptos
517 2295 600 2360 nudi
614 2297 783 2381 torquentia
799 2287 928 2361 montes.

187 2399 257 2486 lpse
273 2405 333 2465 ruit
347 2402 516 2486 dentesque
526 2391 704 2466 'Sabellicus
719 2403 843 2466 exacuit
859 2423 921 2478 eus,
1152 2403 1216 2462 255

190 2503 235 2569 Et
248 2507 329 2590 pede
344 2506 509 2590 prosubigit
523 2520 648 2582 terram,
664 2504 752 2568 irioat
767 2507 874 2568 arbore
890 2517 999 2583 costas,
1068 2535 1073 2544 ·

190 2612 295 2695 Atque
310 2610 377 2674 hinc
393 2609 582 2696 atqueiliino
599 2610 743 2674 humeros
758 2611 797 2674 ad
813 2611 937 2672 vulnera
954 2611 1052 2672 durat.

236 2713 321 2790 Quid
330 2715 453 2801 juvenis
468 2707 612 2799 magnum
628 2717 678 2779 cui
695 2729 795 2778 versat
809 2717 840 2778 in
854 2715 973 2778 ossibus
988 2717 1090 2798 ignem

190 2821 296 2886 Dums
311 2821 423 2886 arnor?
440 2837 558 2907 'nempe
575 2821 709 2904 abruptis
721 2821 839 2884 turbata
854 2819 995 2904 procellis

187 2928 292 2993 Nocte
307 2942 391 2991 natat
406 2927 490 2992 ceola
505 2917 682 2992 serus'lreta
694 2913 705 2987 ἐ
728 2945 822 3011 quem
834 2945 926 3010 super
937 2927 1045 3010 ingens
1154 2925 1222 2988 260

188 3031 286 3098 Poro
299 3046 385 3097 tonet
399 3023 482 3110 coeli,
495 3021 527 3096 et
542 3032 673 3118 scopulis
687 3033 763 3096 illisa
778 3032 944 3097 reclamant

191 3137 348 3222 Equora3
372 3159 432 3202 nee
445 3138 545 3202 miseri
562 3151 685 3222 possunt
700 3157 845 3201 revocare
861 3149 1013 3220 parentes,

192 3243 263 3308 Nec
278 3244 424 3308 moritura
439 3263 530 3328 super
545 3243 661 3306 crudeli
677 3241 783 3306 funere
799 3242 893 3324 virgo.

237 3347 323 3424 Quid
338 3349 446 3432 lynces
461 3347 579 3412 Bacchi
595 3349 694 3426 varie,
710 3361 741 3410 et
757 3365 852 3430 genus
868 3367 939 3410 core
954 3345 1104 3430 lupemm,
1299 3425 1300 3430 γ

186 3455 296 3537 Atque
312 3455 447 3519 canum?
472 3456 554 3540 quid,
572 3475 638 3538 que
653 3454 791 3518 imbelles
807 3455 879 3516 dont
890 3452 996 3537 proelia
1012 3452 1121 3516 cervi?
1158 3453 1222 3516 265

192 3559 324 3623 Scilicet
339 3575 531 3624 ante-omnes
547 3558 629 3623 furor
644 3573 690 3624 est
705 3559 828 3642 insignis
841 3553 989 3642 'equarum
1004 3579 1013 3616 r

192 3661 240 3726 Et
255 3677 389 3728 mentem
404 3663 511 3730 Venus
526 3666 591 3750 ipsa
608 3666 702 3741 dedit,
718 3685 779 3749 quo
794 3678 932 3748 tempore
949 3663 1058 3729 Glauui

191 3765 363 3832 Potniades
378 3769 466 3833 malis
481 3769 618 3833 membre
634 3765 831 3853 absumpsere
848 3766 1012 3852 quadrigae.

192 3869 270 3934 lllas
284 3873 367 3938 ducit
383 3894 469 3937 amor
483 3889 564 3937 treus
581 3871 729 3958 Gargara,
744 3885 887 3956 transque
903 3884 1061 3936 sonantem

189 3978 364 4042 Ascanium
377 4003 387 4059 3
410 3990 553 4062 superant
569 3991 697 4054 montes,
714 3991 745 4040 et
760 3976 884 4040 flumina
898 3989 1037 4040 tranant:
1162 3977 1228 4038 270

193 4082 416 4170 Continuoque
433 4085 529 4149 aridis
544 4085 595 4149 ubi
611 4084 732 4150 subdita
747 4082 869 4146 flamma
885 4080 1037 4160 medullis,

191 4193 283 4262 Vere
298 4193 407 4282 magis,
423 4198 493 4284 quia
508 4215 583 4261 vere
598 4195 682 4263 calor
697 4195 775 4262 redit
789 4194 917 4272 ossibus,
934 4191 989 4257 iile

512 4307 553 4366 10
