2928 5002
607 397 722 460 billi-lli
741 399 791 460 lll.

199 545 337 614 Deusior
351 543 423 612 bine
438 545 571 628 soboles,
586 548 658 614 binc
673 550 747 637 largi
763 552 853 638 copia
868 551 967 618 lactis.

200 652 309 732 Quium
323 651 421 738 magis
435 653 588 720 exhausto
603 660 789 742 spumaverit
804 659 900 723 ubere
916 659 1056 739 mulctra,

199 757 292 826 Lete
305 758 405 846 magis
419 763 535 848 pressis
549 763 716 829 manabunt
731 763 856 830 flumina
871 767 1023 832 mammis.

202 865 275 932 Nee
290 868 390 933 minis
405 869 521 934 interea
536 869 648 935 burbas
661 873 833 958 incanaque
850 885 953 938 menta

204 973 352 1059 Cinyphii
367 975 494 1040 tondent
504 975 593 1055 birci,
609 991 760 1063 setasque
774 991 944 1056 comantes,

203 1076 307 1142 Usum
321 1080 353 1142 in
367 1092 546 1158 austrorum,
563 1092 594 1144 ct
609 1082 730 1144 miseris
743 1081 896 1146 velamina
911 1083 1020 1146 nautis.

202 1181 379 1248 Pascuntur
392 1184 467 1248 verd
481 1185 581 1263 silves,
598 1198 630 1248 et
643 1205 762 1250 sumtus
779 1185 896 1269 Lycei,

201 1279 437 1375 Horrentesque
451 1292 555 1369 rubos,
571 1303 603 1354 et
617 1303 756 1356 amantes
768 1291 863 1355 ardua
879 1293 989 1356 dumos
1002 1312 1013 1370 3

205 1393 310 1480 Atque
324 1398 395 1479 ipse
411 1394 565 1460 memores
580 1398 710 1464 redeunt
724 1397 755 1461 in
771 1411 864 1476 tecta,
881 1417 1017 1481 suosque

206 1497 342 1578 Ducunt,
359 1515 390 1566 et
404 1503 530 1585 gravido
545 1515 690 1587 superant
704 1503 757 1566 rix
774 1503 868 1566 ubere
884 1503 987 1566 limen.

203 1605 290 1692 Ergo
304 1610 388 1672 omni
404 1611 505 1674 studio
520 1610 650 1694 glaciem
665 1623 833 1695 ventosque
849 1609 975 1688 nivales,

203 1710 278 1786 Quo
293 1715 393 1776 minor
408 1725 455 1777 est
469 1713 527 1776 illis
541 1733 621 1777 eure
638 1715 774 1778 mortalis
789 1728 922 1797 egestas,

200 1815 336 1881 Acestes
345 1841 357 1899 ς
380 1819 556 1902 victumque
572 1817 654 1885 seres
670 1833 701 1884 et
716 1821 819 1903 virgea
835 1820 920 1884 letus

204 1923 335 2002 Pabula,
350 1945 410 1988 nec
425 1923 490 1987 toti
505 1922 632 1989 claudes
647 1925 762 1989 loeoilia
776 1924 896 1989 brumb.

203 2031 248 2094 At
260 2027 346 2107 sord,
363 2029 509 2113 zephyris
524 2049 618 2113 quum
634 2031 702 2094 laets
716 2029 895 2094 vocantibus
907 2041 994 2093 astas

201 2133 239 2198 ln
252 2135 347 2198 saltus
362 2147 525 2218 utrumque
541 2153 666 2218 gregem
683 2148 774 2219 utque
789 2136 819 2198 iu
835 2153 950 2218 pascus
964 2134 1072 2212 mittet,

201 2237 341 2304 Luciferi
357 2241 457 2324 primo
471 2259 543 2304 curu
559 2239 659 2304 sidere
675 2239 870 2324 frigidarum

200 2341 391 2429 carpamus,
404 2344 477 2408 dum
493 2363 583 2408 mane
599 2365 722 2423 norum,
739 2345 812 2408 dum
829 2344 965 2428 gramina
977 2355 1099 2421 canent,
1147 2358 1150 2362 ’
1174 2365 1205 2399 π

199 2449 248 2516 Et
263 2472 315 2514 ros
329 2452 360 2514 in
374 2448 481 2514 teneri
495 2451 600 2534 pecori
616 2449 804 2534 gratissimus
819 2445 926 2514 heres.

200 2557 296 2636 lude,
314 2557 364 2620 ubi
380 2571 485 2641 quarta
500 2556 579 2620 sitim
595 2555 667 2620 coeli
683 2555 841 2640 collegerit
856 2553 942 2631 bora,

203 2659 249 2728 Et
264 2678 357 2726 centu
374 2663 505 2746 querulo
520 2676 663 2746 rumpent
678 2663 800 2725 arbusta
816 2661 942 2738 cicade,

202 2769 254 2833 Ad
269 2783 381 2855 puteos
397 2784 449 2832 aut
463 2769 524 2834 alta
536 2787 646 2853 greges
661 2769 701 2832 sd
716 2781 824 2852 stegna
833 2767 943 2853 jubeto

200 2873 391 2940 currentem
407 2876 506 2958 ilignis
520 2889 626 2960 potare
642 2874 799 2939 canalibus
816 2873 928 2938 undam
944 2895 951 2933 ε

202 2977 341 3044 AEstibus
356 2991 388 3042 at
402 2979 513 3042 mediis
525 2979 698 3043 umbrosam
714 2979 878 3062 exquirere
893 2977 1016 3054 sallem,

207 3083 312 3149 Sicubi
328 3106 439 3169 magna
456 3083 541 3148 Jovis
557 3083 681 3169 antiquo
694 3085 804 3148 robore
821 3104 953 3169 quercus

205 3187 349 3272 lugentes
363 3189 470 3260 tendat
484 3206 596 3267 ramos,
612 3201 664 3252 aut
678 3189 775 3253 sicubi
791 3189 910 3272 nigrum

203 3291 327 3358 Ilicibus
342 3293 460 3357 crebris
475 3292 563 3358 sacri
577 3313 687 3358 nemus
702 3294 833 3358 accubet
848 3288 972 3356 umbri:

201 3395 290 3462 Tum
304 3413 414 3462 tenues
429 3399 503 3464 dare
519 3417 622 3463 rursus
637 3417 742 3482 aquus,
759 3411 790 3461 et
804 3417 931 3482 pascere
948 3417 1062 3472 rursus,

202 3501 287 3576 Solis
301 3503 340 3566 sd
356 3522 514 3582 occasum,
530 3525 624 3589 quum
638 3502 767 3588 frigidus
782 3503 855 3567 airu
869 3523 980 3587 vesper

200 3606 385 3692 Temperet,
401 3623 433 3671 et
447 3609 540 3674 sullus
556 3609 654 3673 reiicit
663 3608 729 3695 jam
745 3609 865 3672 roscida
881 3608 965 3685 luna,

203 3709 385 3796 littoraque
401 3713 563 3797 alcyonem
575 3728 727 3792 resonent,
744 3711 935 3777 acalanthida
951 3711 1045 3775 dumi.

250 3815 335 3891 Quid
350 3819 403 3882 tibi
418 3833 556 3904 pastores
572 3817 689 3903 libye,
706 3819 777 3904 quid
794 3837 908 3903 puseus
923 3835 1013 3880 versu

202 3919 394 4008 Prosequor,
411 3938 443 3988 et
457 3924 532 3990 roris
548 3917 681 3990 btbitata
696 3923 829 4008 mapalis
843 3920 972 4013 tectis)N

200 4027 297 4112 sepe
312 4029 395 4093 diem
410 4043 608 4115 noctemque,
624 4045 656 4094 et
670 4041 767 4093 toturn
783 4049 824 4093 ex
840 4027 946 4092 ordine
962 4021 1112 4100 mensem,

197 4131 347 4200 Pascitur
361 4137 445 4222 itque
460 4157 557 4223 pecus
572 4136 706 4220 longeio
723 4135 844 4204 deserta
860 4133 925 4198 siue
940 4130 1008 4196 ullis
