2928 5002
434 961 1055 1078 enuuuruouull

530 1277 672 1346 LIBER
695 1273 949 1345 SECUNDUS.

251 1456 434 1524 Haeremus
447 1477 586 1522 arvorum
602 1455 702 1538 uehat
717 1468 749 1521 et
763 1455 866 1522 udam
879 1456 970 1522 omlis

250 1565 343 1631 Nuno
358 1577 401 1643 te,
417 1561 556 1644 Bacche,
571 1580 692 1640 canam,
707 1581 767 1627 neo
782 1581 842 1626 non
859 1559 1008 1626 silvestria
1021 1570 1127 1628 letum

250 1666 400 1752 virgulta,
416 1680 448 1731 et
458 1666 576 1753 prolem
591 1663 862 1732 tortormentis
876 1663 973 1732 olive·

295 1772 380 1851 Huc,
395 1786 518 1857 patero
533 1769 671 1852 Leuant
692 1773 751 1836 uris
765 1767 817 1836 hio
832 1771 935 1839 omnia
949 1769 1041 1856 plene

253 1875 446 1957 Muneribus,
462 1875 514 1942 tibi
531 1877 694 1962 pampineo
709 1875 853 1962 gravidas
866 1887 1012 1944 autum
1260 1877 1280 1936 ὁ

251 1981 359 2048 Floret
374 2004 458 2068 agar,
474 1995 594 2068 spumat
608 1982 710 2068 plenis
721 1981 877 2048 vindemia
891 1981 1006 2063 labriat

251 2085 335 2167 Huc,
352 2101 438 2173 pater
453 2109 472 2150 o
488 2085 615 2166 Lanae,
630 2089 710 2168 teni,
727 2065 900 2174 nudataque
917 2099 1017 2152 musto

247 2191 353 2278 Tinge
369 2213 449 2257 novo
465 2211 587 2288 mecum
603 2189 738 2275 dereptis
752 2211 842 2256 crura
856 2189 1023 2255 cothurnist

294 2298 487 2378 Parucrrro,
503 2297 660 2364 arboribus
673 2299 757 2364 varia
773 2313 820 2363 est
833 2310 941 2364 natura
954 2293 1115 2362 nemun:

251 2403 396 2489 Namqtre
412 2403 488 2481 alie,
500 2401 593 2467 nullis
605 2403 762 2470 hominum
778 2402 967 2488 cogentibus,
983 2401 1055 2487 ipse
1240 2391 1282 2462 10

254 2509 370 2597 Sponte
386 2507 443 2574 sui
456 2509 592 2586 veniunt,
608 2527 796 2594 camposque
812 2521 843 2572 et
857 2505 983 2571 flamina
997 2503 1060 2570 late

253 2613 358 2680 Curva
373 2626 500 2693 tenent;
523 2629 556 2678 ut
571 2613 664 2686 molle
679 2611 761 2692 siler,
777 2611 927 2697 lentaeque
943 2610 1079 2694 genista,

253 2719 402 2806 Populus,
418 2731 450 2782 et
463 2715 573 2802 glauci
587 2715 727 2780 canentia
743 2711 851 2779 fronde
866 2713 993 2779 saltetur

254 2821 332 2887 Pars
347 2836 448 2885 autem
464 2822 563 2904 posito
579 2833 703 2902 surgunt
719 2817 759 2881 de
775 2819 912 2893 seminet
934 2829 968 2881 ut
981 2816 1049 2881 altra

254 2920 426 3001 Castanea,
441 2941 662 3006 nemorumque
677 2919 746 2985 Jovi
762 2939 828 3006 que
843 2924 979 2988 maxima
991 2919 1115 2990 frondet
1239 2923 1280 2986 16

253 3027 409 3105 AEsoulus,
425 3035 516 3111 atque
530 3021 639 3088 liabitas
654 3023 757 3090 Graiis
771 3025 896 3092 oracula
910 3045 1063 3112 quereus:

255 3131 388 3198 Pullulat
403 3129 442 3194 ab
457 3127 562 3194 radios
579 3128 645 3194 aliis
661 3128 840 3196 densissima
854 3130 954 3211 silva3

255 3235 300 3302 Ut
311 3236 434 3313 ceruus,
451 3235 624 3321 ulmisqus3
646 3235 738 3300 etiam
750 3231 915 3301 Parnassia
929 3235 1031 3304 laurus

256 3337 357 3407 Parva
373 3342 427 3406 sub
442 3341 555 3424 ingenti
571 3339 674 3406 matris
690 3361 723 3404 se
739 3339 859 3428 nuper
873 3340 991 3407 umbri.

256 3445 325 3512 Hos
340 3445 373 3510 N
374 3460 459 3510 atara
473 3443 582 3510 modos
597 3445 727 3530 primitur
742 3445 828 3510 dedit
840 3467 851 3526 ς
872 3447 920 3512 his
934 3464 1030 3532 genus
1044 3463 1140 3512 omna
1237 3449 1282 3514 20

258 3551 408 3620 Silvarum
425 3549 628 3634 fruticumque
642 3551 720 3616 viret
735 3571 954 3637 nemorumque
969 3571 1137 3619 raetorum.

302 3655 381 3719 Sunt
396 3655 446 3719 alii
462 3675 537 3739 qnos
552 3653 679 3740 ipsevit
693 3655 750 3720 eibi
764 3655 975 3742 repetiturus.

257 3758 321 3826 llio
336 3761 454 3847 plantas
468 3771 574 3824 tenero
591 3759 752 3832 abseidens
768 3761 807 3825 de
822 3781 951 3846 corpore
967 3775 1098 3830 mamm

257 3864 410 3952 Deposuit
424 3863 539 3944 sulcis3
560 3863 610 3930 hie
627 3866 735 3950 stirpes
749 3865 850 3931 obruit
861 3885 947 3945 arro,

257 3969 515 4055 Quadrifitlasqtre
530 3969 634 4047 sudes,
649 3981 682 4033 at
696 3983 787 4034 route
801 3969 910 4036 robore
925 3971 1045 4038 vallos:
1238 3971 1280 4032 25

258 4075 470 4158 Silvarumque
486 4073 550 4138 alie
565 4093 687 4158 pressos
701 4071 874 4160 propaginis
888 4095 977 4142 araus

257 4175 458 4266 Exspectant,
475 4191 506 4242 et
516 4177 585 4244 viva
600 4177 656 4244 sui
671 4178 817 4264 plantaria
833 4179 933 4246 terri:
