2648 5288
494 118 608 177 LIBER
629 120 690 176 Vll.

81 270 130 335 t-jt
151 297 232 354 reor,
247 291 288 353 et,
302 278 328 336 si
345 273 422 359 quid
436 278 503 338 veri
517 297 604 339 niens
620 289 760 359 augurat,
774 291 857 360 opto.

88 377 181 441 ttaec
195 378 310 457 effatus
325 400 423 463 equos
437 400 566 443 numero
580 392 670 463 patet·
685 379 768 466 eligit
784 384 885 445 omni:

89 482 226 549 Stabant
238 496 286 548 ter
298 496 424 548 centum
436 482 525 548 nitidi
540 486 571 547 in
586 485 778 570 praesepibus
792 484 871 551 altis.

95 583 247 651 Omnibus
261 585 419 673 extemplo
433 585 566 650 Teucris
576 587 665 675 jubet
680 586 790 652 ordine
806 586 879 652 duci

102 686 243 765 lustratos
255 702 341 753 ostro
355 687 494 774 alipedes
509 689 662 774 pictisque
678 694 800 774 tapetis

107 796 204 857 Aurea
217 793 395 879 pectoribus
409 791 543 856 demissa
558 791 683 856 monilia
698 793 853 877 pendent:

109 892 194 959 Tecti
205 917 288 975 auro,
303 894 421 960 fulvum
435 893 584 959 mandunt
599 895 817 958 subdentibus
833 917 952 959 aurum.

114 997 228 1063 Absenti
242 998 345 1062 AEneoe
358 1018 485 1063 currum
499 998 699 1084 geminosque
709 998 842 1083 jugales,

119 1101 222 1167 &nune
234 1103 278 1168 ab
292 1102 430 1181 etherio,
442 1102 596 1187 spirantes
611 1102 737 1165 naribus
752 1102 863 1186 ignens,

122 1200 224 1269 lllonrm
237 1203 277 1268 de
291 1218 384 1292 gente
398 1203 480 1289 patri
494 1224 571 1288 quos
586 1202 721 1271 Daednla
735 1204 830 1266 Circe

125 1304 264 1393 Suppositb
277 1307 318 1373 de
333 1320 431 1373 matre
446 1307 557 1372 nothos
572 1308 673 1371 furata
688 1310 819 1371 creavit.

127 1405 230 1475 Talibus
242 1408 397 1475 AEneadoe
412 1410 503 1475 donis
517 1410 672 1495 dictisque
687 1410 793 1474 Latini

129 1509 254 1577 Sublimes
268 1512 299 1578 in
313 1515 402 1599 equis
416 1512 556 1592 redeunt,
571 1533 743 1598 pacemque
758 1525 928 1597 reportant.

159 1612 227 1681 Ecce
240 1632 344 1681 autem
360 1616 493 1680 lnachiis
507 1637 575 1679 sese
591 1615 748 1679 rescrebat
764 1615 804 1678 ab
820 1616 912 1700 Argis

133 1712 198 1781 Seru
208 1719 293 1783 lovis
308 1720 433 1805 conjux,
448 1739 601 1802 aurasque
618 1719 740 1783 invecta
756 1719 900 1807 tenebat3

133 1820 257 1893 llbtum
269 1824 397 1893 AEnean
410 1827 604 1912 classemque
620 1849 660 1892 ex
674 1827 792 1892 aethere
807 1826 899 1911 longo

134 1919 292 1995 Dardaniam
306 1928 413 1994 Siculo
427 1934 589 2016 prospexit
604 1931 647 1995 ab
662 1952 759 2016 usque
775 1928 939 2014 Pachyno.

135 2022 209 2095 lloliri
216 2033 282 2120 jam
297 2046 380 2099 tecta
395 2032 490 2113 videt,
500 2036 566 2121 jam
582 2033 680 2098 fidere
696 2048 795 2112 terre,

135 2122 283 2202 lltseruisse
297 2152 401 2203 rates:
424 2141 507 2202 stetit
523 2138 589 2201 scri
603 2138 666 2201 fixa
681 2137 801 2202 dolore.

134 2226 197 2319 Tum,
207 2262 357 2326 quassans
370 2255 474 2327 caput,
490 2242 558 2306 haec
574 2240 702 2305 effundit
716 2255 844 2327 pectore
859 2241 964 2307 dicta:

136 2330 188 2401 llen
197 2345 318 2431 stirpem
332 2346 481 2409 invisam!
503 2358 535 2408 et
549 2346 619 2409 satis
635 2348 793 2409 contraria
807 2348 921 2409 nostris

135 2432 190 2507 l'tta
199 2446 374 2535 Phrygum!
396 2472 468 2513 num
484 2450 582 2534 Sigeis
596 2450 784 2513 occumbere
799 2451 930 2533 eampis,

135 2534 193 2611 llum
201 2552 280 2636 capti
292 2551 424 2637 potuere
438 2550 530 2636 capi?
552 2574 625 2615 num
639 2555 768 2615 incensa
782 2552 932 2617 cremavit

135 2636 204 2734 huju
213 2654 322 2719 viros?
343 2652 462 2719 medias
477 2654 561 2717 acies
575 2654 756 2739 mediosque
771 2677 829 2740 per
843 2655 930 2740 ignes

137 2740 251 2821 hinne
264 2758 361 2822 viam.
404 2759 455 2835 At,
469 2756 576 2835 credo,
590 2779 660 2823 mea
676 2758 802 2821 numina
818 2755 944 2821 tandem

138 2840 204 2919 l'ttsa
210 2861 326 2945 jacent,
339 2857 421 2924 odiis
434 2873 488 2923 aut
503 2872 683 2923 exsaturata
699 2860 814 2941 quievi.

81 2918 111 3053 lt
171 2956 194 3021 ‘n
204 2964 293 3027 etiam
308 2963 411 3048 patriis
425 2984 573 3027 excussos
588 2963 703 3026 infesta
713 2984 771 3048 per
787 2960 885 3026 undas

137 3050 196 3124 Aba
205 3067 299 3151 sequi,
314 3079 345 3129 et
358 3066 498 3152 profugis
511 3078 575 3129 toto
591 3088 640 3130 me
654 3086 813 3151 opponere
827 3077 932 3148 ponto.

137 3151 282 3250 lbuurptae
298 3170 330 3231 in
346 3166 488 3231 Teucros
502 3171 586 3232 vires
599 3167 734 3251 coelique
749 3165 917 3248 marisque.

137 3250 195 3336 llll
206 3270 321 3355 Syrtes,
335 3283 389 3335 aut
403 3268 513 3356 Scylla
527 3270 613 3349 mihi,
629 3270 705 3355 quid
720 3283 808 3333 vasta
823 3263 1009 3351 Charybdis

140 3352 245 3434 holuit?
264 3386 372 3459 optato
386 3371 562 3437 conduntur
576 3372 729 3458 Tybridis
744 3371 844 3450 alveo,

139 3455 216 3535 &cufi
228 3473 340 3562 pelagi,
354 3487 449 3560 atque
464 3479 537 3540 mei.
582 3476 670 3540 Mars
684 3473 818 3561 perdere
832 3487 956 3560 gentem

140 3556 273 3643 horbem
286 3578 588 3665 Lapitbtlmvaluit:
611 3579 810 3643 concessitis
825 3580 888 3642 iras
1080 3581 1142 3638 305

140 3660 189 3751 llll
199 3677 285 3748 detlm
297 3687 458 3768 antiquam
472 3683 592 3771 genitor
607 3680 776 3767 Calydona
790 3679 914 3744 Dianas.

140 3764 206 3849 tun
214 3784 312 3851 scelus
319 3800 374 3852 aut
383 3786 537 3872 lapithas
548 3798 675 3863 tantum,
687 3796 739 3847 aut
750 3782 920 3868 Calydona
932 3782 1122 3888 merentem?
