2890 5002
583 395 587 406 ¹
640 405 756 468 LIBER
775 407 810 468 ll.

197 557 370 658 quparet
384 551 494 618 domus
510 553 601 634 intus,
616 568 646 619 et
661 557 741 621 atria
756 555 848 644 longa
862 568 1047 644 patescunt;
1098 557 1102 562 '

225 662 391 743 apparent
406 656 523 721 Priami
538 671 568 722 et
584 669 722 724 veterum
737 659 911 744 penetralia
925 679 1051 746 regum3

226 761 434 844 Armatosque
448 759 557 824 vident
571 773 687 824 stantes
703 762 733 824 in
747 761 851 826 limine
865 765 979 847 primo.
1203 765 1265 822 48⁵

269 863 312 924 At
326 861 435 924 domus
450 861 579 925 interior
592 863 706 947 gemitu
722 864 896 948 miseroque
911 861 1041 928 tumultu

225 966 396 1044 Miscetur3
418 962 602 1050 penitusque
617 987 702 1030 cava
717 965 920 1052 plangoribus
935 965 1016 1030 ades

226 1067 395 1132 Foemineis
410 1067 546 1134 ululant:
570 1070 643 1134 ferit
658 1091 756 1134 aurea
770 1071 876 1134 sidera
891 1069 1023 1134 clamor.

226 1171 309 1235 Tum
325 1170 446 1258 pavide
462 1176 552 1238 tectis
566 1185 683 1238 matres
697 1174 876 1260 ingentibus
892 1187 1009 1252 errant,

210 1269 572 1372 ,amplexaquere'nent
586 1295 701 1368 pestes,
717 1297 811 1367 atque
826 1280 935 1346 oscula
950 1281 1058 1367 figunt.
1203 1283 1265 1343 490

228 1383 323 1448 lnstat
338 1388 369 1448 vi
384 1385 487 1471 patrib
504 1385 664 1471 Pyrrhus3
686 1407 746 1450 nec
761 1383 899 1450 claustra
914 1403 1017 1468 neque
1032 1383 1093 1468 ipsi

227 1483 381 1550 Custodes
396 1485 526 1551 sufferre
541 1486 657 1550 valent.
681 1485 786 1551 Labat
801 1490 900 1551 ariete
914 1485 1030 1550 crebro

225 1585 338 1667 lanua,
354 1601 385 1651 et
399 1591 493 1652 emoti
509 1589 717 1674 procumbunt
732 1587 862 1654 cardine
877 1599 994 1674 postes.

227 1687 276 1752 Fit
292 1693 344 1752 via
358 1693 411 1768 vi;
433 1703 579 1775 rumpunt
593 1689 706 1770 aditus,
720 1694 900 1776 primosque
911 1675 1091 1781 trucidant-

222 1789 356 1854 lmmissi
373 1791 489 1871 Danai,
504 1807 534 1856 et
551 1791 615 1856 latri
631 1792 702 1858 loca
716 1793 815 1857 milite
829 1793 998 1879 complent.
1202 1797 1263 1855 49⁵

224 1891 294 1956 Non
310 1897 367 1973 sic,
383 1895 550 1980 aggeribus
564 1898 663 1980 ruptis
679 1917 774 1980 quum
789 1917 935 1982 spumeus
949 1898 1051 1960 amnis

224 1993 320 2074 Exiit,
334 1999 558 2080 oppositasque
574 2000 669 2061 evicit
682 2002 805 2084 gurgite
819 1997 928 2078 moles,

225 2095 336 2160 Fertur
350 2101 384 2162 in
399 2117 478 2161 arva
492 2099 598 2162 furens
611 2098 745 2181 cumulo,
759 2121 951 2186 camposque
965 2121 1024 2184 per
1038 2120 1146 2164 omnes

222 2197 304 2262 Cum
319 2198 451 2264 stabulis
467 2214 608 2266 armenta
623 2201 729 2266 trahit.
775 2201 853 2266 Vidi
869 2206 937 2286 ipse
953 2203 1107 2266 furentem

222 2299 319 2364 Cede
335 2300 584 2386 Neoptolemum,
599 2306 801 2388 geminosque
816 2306 848 2366 in
864 2302 971 2366 limine
986 2302 1134 2367 Atridas:
1200 2310 1262 2368 500

225 2401 305 2466 Vidi
320 2403 499 2484 Hecubam,
513 2419 701 2489 centumque
716 2427 822 2494 qurus,
838 2405 1059 2490 Priamumque
1073 2429 1132 2492 per
1147 2425 1221 2470 aras

226 2506 383 2592 Sanguine
398 2507 578 2589 foedantem,
593 2530 671 2592 quos
686 2511 754 2594 ipse
769 2509 963 2586 sacraverat,
976 2513 1077 2594 ignes.

221 2608 457 2696 Quinquaginta
471 2609 518 2674 illi
533 2610 674 2692 thalami,
689 2631 761 2697 spes
776 2623 863 2676 tanta
878 2623 1035 2697 nepotum,

223 2711 403 2776 Barbarico
416 2726 523 2798 postes
538 2734 617 2778 auro
632 2713 804 2798 spoliisque
820 2713 950 2798 superbi

220 2815 446 2882 Procubuire:
469 2833 575 2884 teuent
589 2817 695 2884 Danai
707 2818 769 2904 qua
783 2817 890 2883 deficit
905 2821 997 2906 ignis.
1199 2827 1261 2886 ⁵0⁵

265 2918 410 2984 Forsitan
425 2934 456 2984 et
471 2921 589 2985 Priami
604 2921 719 2986 fuerint
734 2941 801 3005 qua
815 2921 881 2986 iata
895 2925 1052 3007 requiras.

222 3017 323 3084 Urbis
329 3023 380 3121 Nuti
395 3035 497 3107 capue
512 3039 629 3101 casum,
644 3022 856 3109 convulsaque
871 3023 951 3090 vidit

219 3123 348 3190 limina
363 3138 525 3205 tectorum,
540 3139 572 3190 et
586 3125 722 3190 medium
737 3129 770 3190 in
784 3126 999 3212 penetralibus
1014 3127 1145 3211 bostem,
1190 3173 1191 3178 κ

214 3230 320 3292 Arma
334 3227 390 3291 diu
404 3231 509 3294 senior
523 3227 654 3293 desueta
668 3230 872 3294 trementibus
887 3249 954 3293 evo

215 3329 635 3420 Circumdatxnequidquam
651 3332 798 3412 humeris,
813 3345 843 3396 et
858 3330 966 3396 inutile
982 3334 1099 3398 serrum
1197 3341 1261 3400 eto

215 3431 377 3518 Cingitur,
391 3455 430 3498 ac
445 3433 559 3500 densos
574 3433 672 3500 fertur
685 3438 852 3499 moriturus
867 3439 899 3498 in
915 3435 1031 3499 hostes.
1055 3456 1064 3515 t

248 3535 396 3600 rentibus
411 3541 444 3602 in
458 3537 581 3620 mediis,
596 3537 742 3623 nudoque
757 3539 817 3602 sub
831 3536 958 3602 aetheris
973 3558 1045 3620 axe,

215 3641 332 3725 ingens
347 3659 404 3704 ara
419 3641 496 3720 iuit3
513 3642 667 3728 juxtaque
681 3645 852 3706 veterrima
867 3639 974 3704 laurus

215 3742 408 3806 incumbens
422 3763 497 3824 arae,
511 3758 605 3829 atque
620 3744 732 3808 umbra
746 3743 912 3830 complexa
928 3743 1078 3808 Penates:

214 3845 288 3910 Hic
303 3846 442 3912 Hecuba
457 3862 489 3912 et
503 3861 584 3914 natae
599 3847 812 3934 nequidquam
828 3846 941 3918 altaria
956 3850 1086 3928 circum,
1195 3855 1255 3913 ⁵15

147 3949 155 3965 '
215 3949 400 4033 Pracipites
415 3949 484 4014 atra
498 3973 557 4016 ceu
572 3961 756 4037 tempestate
770 3947 931 4028 columbae,

212 4049 405 4131 condense,
418 4063 450 4118 et
464 4052 572 4120 divum
587 4050 741 4139 amplexa
755 4049 1123 4146 simulacragsedebaut,
