<?xml version="1.0" encoding="UTF-8"?>
<!DOCTYPE html PUBLIC "-//W3C//DTD XHTML 1.0 Transitional//EN"
    "http://www.w3.org/TR/xhtml1/DTD/xhtml1-transitional.dtd">
<html xmlns="http://www.w3.org/1999/xhtml" xml:lang="en" lang="en">
 <head>
  <title>
</title>
<meta http-equiv="Content-Type" content="text/html;charset=utf-8" />
  <meta name='ocr-system' content='tesseract 3.04.00' />
  <meta name='ocr-capabilities' content='ocr_page ocr_carea ocr_par ocr_line ocrx_word'/>
</head>
<body>
  <div class='ocr_page' id='page_1' title='image "./bucolicageorgic00goulgoog/bucolicageorgic00goulgoog_0047.png"; bbox 0 0 2928 5002; ppageno 0'>
   <div class='ocr_carea' id='block_1_1' title="bbox 557 449 1274 547">
    <p class='ocr_par' dir='ltr' id='par_1_1' title="bbox 557 449 1274 547">
     <span class='ocr_line' id='line_1_1' title="bbox 557 449 1274 547; baseline 0.007 -36"><span class='ocrx_word' id='word_1_1' title='bbox 557 462 559 470; x_wconf 95' lang='lat'>·</span> <span class='ocrx_word' id='word_1_2' title='bbox 611 449 767 518; x_wconf 71' lang='lat' dir='ltr'><strong>annona</strong></span> <span class='ocrx_word' id='word_1_3' title='bbox 786 450 835 514; x_wconf 80' lang='lat' dir='ltr'><strong>nr.</strong></span> <span class='ocrx_word' id='word_1_4' title='bbox 1140 518 1153 547; x_wconf 60' lang='grc'>,</span> <span class='ocrx_word' id='word_1_5' title='bbox 1239 461 1274 518; x_wconf 76' lang='lat' dir='ltr'><strong>st</strong></span> 
     </span>
    </p>
   </div>
   <div class='ocr_carea' id='block_1_2' title="bbox 242 597 1278 2274">
    <p class='ocr_par' dir='ltr' id='par_1_2' title="bbox 242 597 989 685">
     <span class='ocr_line' id='line_1_2' title="bbox 242 597 989 685; baseline 0.001 -20"><span class='ocrx_word' id='word_1_6' title='bbox 242 599 320 665; x_wconf 84' lang='lat' dir='ltr'><strong>Jam</strong></span> <span class='ocrx_word' id='word_1_7' title='bbox 331 597 408 684; x_wconf 81' lang='lat' dir='ltr'><strong>sugit</strong></span> <span class='ocrx_word' id='word_1_8' title='bbox 422 599 511 685; x_wconf 84' lang='lat' dir='ltr'><strong>ipsa:</strong></span> <span class='ocrx_word' id='word_1_9' title='bbox 532 597 595 684; x_wconf 86' lang='lat' dir='ltr'><strong>lapi</strong></span> <span class='ocrx_word' id='word_1_10' title='bbox 611 597 724 666; x_wconf 83' lang='lat' dir='ltr'><strong>Moerin</strong></span> <span class='ocrx_word' id='word_1_11' title='bbox 738 598 845 664; x_wconf 72' lang='lat' dir='ltr'><strong>videre</strong></span> <span class='ocrx_word' id='word_1_12' title='bbox 860 601 989 684; x_wconf 84' lang='lat' dir='ltr'><strong>priores.</strong></span> 
     </span>
    </p>

    <p class='ocr_par' dir='ltr' id='par_1_3' title="bbox 243 710 1277 882">
     <span class='ocr_line' id='line_1_3' title="bbox 243 710 1277 800; baseline 0.002 -22"><span class='ocrx_word' id='word_1_13' title='bbox 243 713 316 778; x_wconf 86' lang='lat' dir='ltr'><strong>Sed</strong></span> <span class='ocrx_word' id='word_1_14' title='bbox 331 726 435 777; x_wconf 71' lang='lat' dir='ltr'><strong>manen</strong></span> <span class='ocrx_word' id='word_1_15' title='bbox 449 712 507 777; x_wconf 88' lang='lat' dir='ltr'><strong>ista</strong></span> <span class='ocrx_word' id='word_1_16' title='bbox 522 710 594 776; x_wconf 86' lang='lat' dir='ltr'><strong>satia</strong></span> <span class='ocrx_word' id='word_1_17' title='bbox 608 712 721 777; x_wconf 83' lang='lat' dir='ltr'><strong>reseret</strong></span> <span class='ocrx_word' id='word_1_18' title='bbox 735 713 788 778; x_wconf 81' lang='lat' dir='ltr'><strong>tibi</strong></span> <span class='ocrx_word' id='word_1_19' title='bbox 804 713 885 800; x_wconf 69' lang='lat' dir='ltr'><strong>sepe</strong></span> <span class='ocrx_word' id='word_1_20' title='bbox 900 713 1070 782; x_wconf 76' lang='lat' dir='ltr'><strong>Menalcas.</strong></span> <span class='ocrx_word' id='word_1_21' title='bbox 1235 723 1277 780; x_wconf 79' lang='lat'><strong>55</strong></span> 
     </span>
     <span class='ocr_line' id='line_1_4' title="bbox 661 837 815 882; baseline -0.006 -2"><span class='ocrx_word' id='word_1_22' title='bbox 661 837 815 882; x_wconf 75' lang='lat' dir='ltr'><strong>naerens.</strong></span> 
     </span>
    </p>

    <p class='ocr_par' dir='ltr' id='par_1_4' title="bbox 243 902 982 1008">
     <span class='ocr_line' id='line_1_5' title="bbox 243 902 982 1008; baseline -0.001 -20"><span class='ocrx_word' id='word_1_23' title='bbox 243 923 416 988; x_wconf 75' lang='lat' dir='ltr'><strong>Causando</strong></span> <span class='ocrx_word' id='word_1_24' title='bbox 431 902 551 988; x_wconf 73' lang='lat' dir='ltr'><strong>no&#39;stras</strong></span> <span class='ocrx_word' id='word_1_25' title='bbox 565 923 597 984; x_wconf 93' lang='lat' dir='ltr'><strong>in</strong></span> <span class='ocrx_word' id='word_1_26' title='bbox 612 922 736 1008; x_wconf 80' lang='lat' dir='ltr'><strong>longum</strong></span> <span class='ocrx_word' id='word_1_27' title='bbox 752 925 840 988; x_wconf 86' lang='lat' dir='ltr'><strong>ducis</strong></span> <span class='ocrx_word' id='word_1_28' title='bbox 852 945 982 990; x_wconf 88' lang='lat' dir='ltr'><strong>amores.</strong></span> 
     </span>
    </p>

    <p class='ocr_par' dir='ltr' id='par_1_5' title="bbox 244 1027 1088 1114">
     <span class='ocr_line' id='line_1_6' title="bbox 244 1027 1088 1114; baseline 0 -20"><span class='ocrx_word' id='word_1_29' title='bbox 244 1029 293 1094; x_wconf 84' lang='lat' dir='ltr'><strong>Et</strong></span> <span class='ocrx_word' id='word_1_30' title='bbox 308 1051 388 1096; x_wconf 85' lang='lat' dir='ltr'><strong>nune</strong></span> <span class='ocrx_word' id='word_1_31' title='bbox 403 1049 496 1092; x_wconf 86' lang='lat' dir='ltr'><strong>omna</strong></span> <span class='ocrx_word' id='word_1_32' title='bbox 512 1027 566 1092; x_wconf 90' lang='lat' dir='ltr'><strong>tibi</strong></span> <span class='ocrx_word' id='word_1_33' title='bbox 582 1041 709 1096; x_wconf 85' lang='lat' dir='ltr'><strong>stratum</strong></span> <span class='ocrx_word' id='word_1_34' title='bbox 725 1028 798 1096; x_wconf 77' lang='lat' dir='ltr'><strong>silet</strong></span> <span class='ocrx_word' id='word_1_35' title='bbox 809 1051 920 1114; x_wconf 79' lang='lat' dir='ltr'><strong>equor,</strong></span> <span class='ocrx_word' id='word_1_36' title='bbox 936 1046 968 1095; x_wconf 86' lang='lat' dir='ltr'><strong>et</strong></span> <span class='ocrx_word' id='word_1_37' title='bbox 982 1051 1088 1096; x_wconf 90' lang='lat' dir='ltr'><strong>omnes</strong></span> 
     </span>
    </p>

    <p class='ocr_par' dir='ltr' id='par_1_6' title="bbox 249 1131 1037 1219">
     <span class='ocr_line' id='line_1_7' title="bbox 249 1131 1037 1219; baseline 0 -21"><span class='ocrx_word' id='word_1_38' title='bbox 249 1131 419 1219; x_wconf 79' lang='lat' dir='ltr'><strong>(Adspice)</strong></span> <span class='ocrx_word' id='word_1_39' title='bbox 435 1134 554 1198; x_wconf 78' lang='lat' dir='ltr'>ventosi</span> <span class='ocrx_word' id='word_1_40' title='bbox 569 1133 752 1197; x_wconf 80' lang='lat' dir='ltr'><strong>ceciderunt</strong></span> <span class='ocrx_word' id='word_1_41' title='bbox 766 1135 931 1198; x_wconf 86' lang='lat' dir='ltr'><strong>murmuris</strong></span> <span class='ocrx_word' id='word_1_42' title='bbox 946 1155 1037 1200; x_wconf 84' lang='lat' dir='ltr'><strong>aare.</strong></span> 
     </span>
    </p>

    <p class='ocr_par' dir='ltr' id='par_1_7' title="bbox 248 1235 1141 1324">
     <span class='ocr_line' id='line_1_8' title="bbox 248 1235 1141 1324; baseline 0.002 -20"><span class='ocrx_word' id='word_1_43' title='bbox 248 1237 336 1304; x_wconf 80' lang='lat' dir='ltr'><strong>Hine</strong></span> <span class='ocrx_word' id='word_1_44' title='bbox 350 1235 429 1301; x_wconf 72' lang='lat' dir='ltr'><strong>adesi</strong></span> <span class='ocrx_word' id='word_1_45' title='bbox 445 1237 547 1300; x_wconf 88' lang='lat' dir='ltr'><strong>media</strong></span> <span class='ocrx_word' id='word_1_46' title='bbox 562 1253 609 1302; x_wconf 89' lang='lat' dir='ltr'><strong>eat</strong></span> <span class='ocrx_word' id='word_1_47' title='bbox 624 1236 711 1302; x_wconf 87' lang='lat' dir='ltr'><strong>nobis</strong></span> <span class='ocrx_word' id='word_1_48' title='bbox 726 1237 775 1302; x_wconf 85' lang='lat' dir='ltr'><strong>via</strong></span> <span class='ocrx_word' id='word_1_49' title='bbox 784 1259 796 1316; x_wconf 80' lang='lat'>3</span> <span class='ocrx_word' id='word_1_50' title='bbox 818 1257 950 1322; x_wconf 80' lang='lat' dir='ltr'><strong>namque</strong></span> <span class='ocrx_word' id='word_1_51' title='bbox 967 1238 1141 1324; x_wconf 83' lang='lat' dir='ltr'><strong>sepulerum</strong></span> 
     </span>
    </p>

    <p class='ocr_par' dir='ltr' id='par_1_8' title="bbox 250 1340 1278 1430">
     <span class='ocr_line' id='line_1_9' title="bbox 250 1340 1278 1430; baseline 0 -22"><span class='ocrx_word' id='word_1_52' title='bbox 250 1343 360 1430; x_wconf 80' lang='lat' dir='ltr'><strong>Incipit</strong></span> <span class='ocrx_word' id='word_1_53' title='bbox 374 1363 522 1429; x_wconf 82' lang='lat' dir='ltr'><strong>apparere</strong></span> <span class='ocrx_word' id='word_1_54' title='bbox 538 1340 689 1406; x_wconf 83' lang='lat' dir='ltr'><strong>Bianoris.</strong></span> <span class='ocrx_word' id='word_1_55' title='bbox 713 1341 778 1408; x_wconf 82' lang='lat' dir='ltr'><strong>Hie</strong></span> <span class='ocrx_word' id='word_1_56' title='bbox 793 1343 844 1408; x_wconf 89' lang='lat' dir='ltr'><strong>nbi</strong></span> <span class='ocrx_word' id='word_1_57' title='bbox 860 1343 974 1407; x_wconf 62' lang='lat' dir='ltr'><strong>denus</strong></span> <span class='ocrx_word' id='word_1_58' title='bbox 1236 1348 1278 1408; x_wconf 83' lang='grc'><strong>60</strong></span> 
     </span>
    </p>

    <p class='ocr_par' dir='ltr' id='par_1_9' title="bbox 251 1447 1104 1535">
     <span class='ocr_line' id='line_1_10' title="bbox 251 1447 1104 1535; baseline 0 -20"><span class='ocrx_word' id='word_1_59' title='bbox 251 1451 401 1535; x_wconf 73' lang='lat' dir='ltr'><strong>Agricola</strong></span> <span class='ocrx_word' id='word_1_60' title='bbox 417 1451 566 1534; x_wconf 74' lang='lat' dir='ltr'><strong>stringant</strong></span> <span class='ocrx_word' id='word_1_61' title='bbox 581 1448 717 1528; x_wconf 80' lang='lat' dir='ltr'><strong>frondes,</strong></span> <span class='ocrx_word' id='word_1_62' title='bbox 733 1447 797 1528; x_wconf 84' lang='lat' dir='ltr'><strong>hie,</strong></span> <span class='ocrx_word' id='word_1_63' title='bbox 811 1447 917 1531; x_wconf 85' lang='lat' dir='ltr'><strong>Moeri,</strong></span> <span class='ocrx_word' id='word_1_64' title='bbox 932 1469 1104 1529; x_wconf 76' lang='lat' dir='ltr'><strong>nanamaa3</strong></span> 
     </span>
    </p>

    <p class='ocr_par' dir='ltr' id='par_1_10' title="bbox 249 1555 1067 1643">
     <span class='ocr_line' id='line_1_11' title="bbox 249 1555 1067 1643; baseline -0.004 -21"><span class='ocrx_word' id='word_1_65' title='bbox 249 1555 315 1622; x_wconf 83' lang='lat' dir='ltr'><strong>Hie</strong></span> <span class='ocrx_word' id='word_1_66' title='bbox 326 1557 429 1622; x_wconf 78' lang='lat' dir='ltr'><strong>hedos</strong></span> <span class='ocrx_word' id='word_1_67' title='bbox 445 1558 566 1643; x_wconf 87' lang='lat' dir='ltr'><strong>depone</strong></span> <span class='ocrx_word' id='word_1_68' title='bbox 580 1579 588 1619; x_wconf 75' lang='grc' dir='ltr'>ι</span> <span class='ocrx_word' id='word_1_69' title='bbox 610 1569 713 1626; x_wconf 79' lang='lat' dir='ltr'><strong>tannen</strong></span> <span class='ocrx_word' id='word_1_70' title='bbox 728 1557 888 1620; x_wconf 75' lang='lat' dir='ltr'><strong>veniemus</strong></span> <span class='ocrx_word' id='word_1_71' title='bbox 901 1557 932 1620; x_wconf 92' lang='lat' dir='ltr'><strong>in</strong></span> <span class='ocrx_word' id='word_1_72' title='bbox 948 1557 1067 1622; x_wconf 85' lang='lat' dir='ltr'><strong>urbem.</strong></span> 
     </span>
    </p>

    <p class='ocr_par' dir='ltr' id='par_1_11' title="bbox 247 1661 1035 1747">
     <span class='ocr_line' id='line_1_12' title="bbox 247 1661 1035 1747; baseline 0 -21"><span class='ocrx_word' id='word_1_73' title='bbox 247 1661 326 1740; x_wconf 84' lang='lat' dir='ltr'><strong>Ant,</strong></span> <span class='ocrx_word' id='word_1_74' title='bbox 341 1664 440 1728; x_wconf 82' lang='lat' dir='ltr'><strong>sinna</strong></span> <span class='ocrx_word' id='word_1_75' title='bbox 455 1663 590 1747; x_wconf 81' lang='lat' dir='ltr'><strong>plaviatn</strong></span> <span class='ocrx_word' id='word_1_76' title='bbox 604 1683 646 1726; x_wconf 86' lang='lat' dir='ltr'><strong>ne</strong></span> <span class='ocrx_word' id='word_1_77' title='bbox 660 1661 783 1746; x_wconf 76' lang='lat' dir='ltr'><strong>colligat</strong></span> <span class='ocrx_word' id='word_1_78' title='bbox 799 1661 867 1727; x_wconf 69' lang='lat' dir='ltr'><strong>ante</strong></span> <span class='ocrx_word' id='word_1_79' title='bbox 882 1681 1035 1740; x_wconf 80' lang='lat' dir='ltr'><strong>veremur,</strong></span> 
     </span>
    </p>

    <p class='ocr_par' dir='ltr' id='par_1_12' title="bbox 247 1767 1081 1856">
     <span class='ocr_line' id='line_1_13' title="bbox 247 1767 1081 1856; baseline -0.002 -22"><span class='ocrx_word' id='word_1_80' title='bbox 247 1768 421 1836; x_wconf 74' lang='lat' dir='ltr'><strong>Cantantes</strong></span> <span class='ocrx_word' id='word_1_81' title='bbox 435 1770 509 1836; x_wconf 86' lang='lat' dir='ltr'><strong>lieet</strong></span> <span class='ocrx_word' id='word_1_82' title='bbox 523 1791 620 1855; x_wconf 84' lang='lat' dir='ltr'><strong>usqne</strong></span> <span class='ocrx_word' id='word_1_83' title='bbox 638 1767 753 1856; x_wconf 78' lang='lat' dir='ltr'><strong>(minias</strong></span> <span class='ocrx_word' id='word_1_84' title='bbox 766 1767 935 1855; x_wconf 69' lang='lat' dir='ltr'><strong>vialata)</strong></span> <span class='ocrx_word' id='word_1_85' title='bbox 952 1789 1058 1834; x_wconf 82' lang='lat' dir='ltr'><strong>eamus</strong></span> <span class='ocrx_word' id='word_1_86' title='bbox 1073 1793 1081 1832; x_wconf 75' lang='grc' dir='ltr'><strong>ι</strong></span> 
     </span>
    </p>

    <p class='ocr_par' dir='ltr' id='par_1_13' title="bbox 247 1871 1277 2042">
     <span class='ocr_line' id='line_1_14' title="bbox 247 1871 1277 1958; baseline 0.001 -21"><span class='ocrx_word' id='word_1_87' title='bbox 247 1871 421 1938; x_wconf 79' lang='lat' dir='ltr'><strong>Cantantes</strong></span> <span class='ocrx_word' id='word_1_88' title='bbox 436 1887 470 1939; x_wconf 91' lang='lat' dir='ltr'><strong>ut</strong></span> <span class='ocrx_word' id='word_1_89' title='bbox 485 1893 602 1952; x_wconf 84' lang='lat' dir='ltr'><strong>eamus,</strong></span> <span class='ocrx_word' id='word_1_90' title='bbox 619 1895 678 1958; x_wconf 78' lang='lat' dir='ltr'><strong>ego</strong></span> <span class='ocrx_word' id='word_1_91' title='bbox 693 1874 753 1940; x_wconf 83' lang='lat' dir='ltr'><strong>hoc</strong></span> <span class='ocrx_word' id='word_1_92' title='bbox 768 1885 799 1937; x_wconf 91' lang='lat' dir='ltr'><strong>te</strong></span> <span class='ocrx_word' id='word_1_93' title='bbox 815 1872 900 1939; x_wconf 80' lang='lat' dir='ltr'><strong>saaca</strong></span> <span class='ocrx_word' id='word_1_94' title='bbox 915 1872 1035 1940; x_wconf 82' lang='lat' dir='ltr'><strong>levabo.</strong></span> <span class='ocrx_word' id='word_1_95' title='bbox 1236 1878 1277 1939; x_wconf 82' lang='lat'><strong>65</strong></span> 
     </span>
     <span class='ocr_line' id='line_1_15' title="bbox 682 1998 804 2042; baseline 0 0"><span class='ocrx_word' id='word_1_96' title='bbox 682 1998 804 2042; x_wconf 70' lang='lat' dir='ltr'><strong>arants.</strong></span> 
     </span>
    </p>

    <p class='ocr_par' dir='ltr' id='par_1_14' title="bbox 248 2081 1100 2170">
     <span class='ocr_line' id='line_1_16' title="bbox 248 2081 1100 2170; baseline -0.002 -22"><span class='ocrx_word' id='word_1_97' title='bbox 248 2081 369 2148; x_wconf 87' lang='lat' dir='ltr'><strong>Desine</strong></span> <span class='ocrx_word' id='word_1_98' title='bbox 384 2083 483 2168; x_wconf 82' lang='lat' dir='ltr'><strong>plura,</strong></span> <span class='ocrx_word' id='word_1_99' title='bbox 498 2105 596 2170; x_wconf 80' lang='lat' dir='ltr'><strong>pner3</strong></span> <span class='ocrx_word' id='word_1_100' title='bbox 619 2099 651 2148; x_wconf 83' lang='lat' dir='ltr'><strong>et</strong></span> <span class='ocrx_word' id='word_1_101' title='bbox 666 2085 748 2170; x_wconf 83' lang='lat' dir='ltr'><strong>qnod</strong></span> <span class='ocrx_word' id='word_1_102' title='bbox 763 2104 844 2150; x_wconf 89' lang='lat' dir='ltr'><strong>nnnc</strong></span> <span class='ocrx_word' id='word_1_103' title='bbox 858 2084 949 2148; x_wconf 86' lang='lat' dir='ltr'><strong>instat</strong></span> <span class='ocrx_word' id='word_1_104' title='bbox 964 2102 1100 2167; x_wconf 82' lang='lat' dir='ltr'><strong>agamus.</strong></span> 
     </span>
    </p>

    <p class='ocr_par' dir='ltr' id='par_1_15' title="bbox 247 2187 1115 2274">
     <span class='ocr_line' id='line_1_17' title="bbox 247 2187 1115 2274; baseline -0.005 -20"><span class='ocrx_word' id='word_1_105' title='bbox 247 2187 398 2254; x_wconf 82' lang='lat' dir='ltr'><strong>Carmina</strong></span> <span class='ocrx_word' id='word_1_106' title='bbox 412 2201 477 2256; x_wconf 83' lang='lat' dir='ltr'><strong>tnnr</strong></span> <span class='ocrx_word' id='word_1_107' title='bbox 493 2187 612 2268; x_wconf 84' lang='lat' dir='ltr'><strong>meliits,</strong></span> <span class='ocrx_word' id='word_1_108' title='bbox 629 2209 723 2274; x_wconf 85' lang='lat' dir='ltr'><strong>quum</strong></span> <span class='ocrx_word' id='word_1_109' title='bbox 734 2189 851 2254; x_wconf 83' lang='lat' dir='ltr'><strong>venerit</strong></span> <span class='ocrx_word' id='word_1_110' title='bbox 865 2189 941 2273; x_wconf 85' lang='lat' dir='ltr'><strong>ipse,</strong></span> <span class='ocrx_word' id='word_1_111' title='bbox 958 2208 1115 2252; x_wconf 84' lang='lat' dir='ltr'><strong>canemus.</strong></span> 
     </span>
    </p>
   </div>
   <div class='ocr_carea' id='block_1_3' title="bbox 0 0 1468 5002">
    <p class='ocr_par' dir='ltr' id='par_1_16' title="bbox 0 0 1468 5002">
     <span class='ocr_line' id='line_1_18' title="bbox 0 0 1468 5002; baseline 0 0"><span class='ocrx_word' id='word_1_112' title='bbox 0 0 1468 5002; x_wconf 95' lang='lat' dir='ltr'><strong> </strong></span> 
     </span>
    </p>
   </div>
  </div>
 </body>
</html>
