2648 5288
509 708 685 837 ‘sponoe
705 733 767 793 vn

160 892 233 968 Aoi,
248 890 275 952 si
289 887 368 951 ultre
381 884 527 972 pleeinrm
542 880 682 962 leudririr,
697 885 828 950 baccare
844 882 973 950 frontem

161 997 293 1080 cingite,
309 1014 349 1058 ne
365 992 426 1060 vni
441 1004 551 1058 noceat
565 991 646 1056 mele
660 991 762 1076 lingue
776 989 886 1058 futuro.

232 1145 238 1156 .
560 1115 727 1160 conrnorr.
785 1154 787 1161 ,

162 1200 262 1266 Setosi
277 1214 371 1285 eaput
385 1200 445 1263 hoc
461 1200 526 1285 apri
541 1199 605 1278 tibi,
617 1197 721 1279 Delie,
736 1220 848 1284 pervus

162 1307 206 1374 Et
219 1327 341 1373 ramoso
355 1304 463 1370 Micon
478 1307 593 1371 vivacis
608 1326 724 1370 corone
737 1307 843 1369 cervi:

160 1414 195 1479 Si
210 1413 365 1499 proprium
379 1411 440 1476 hoc
454 1409 556 1490 suerit,
572 1410 632 1474 levi
648 1409 689 1474 de
704 1431 856 1476 marmore
868 1424 931 1475 eote

164 1520 302 1588 Puniceo
315 1518 409 1583 etnbis
425 1537 511 1582 suros
525 1518 647 1583 evincta
660 1516 823 1583 cothurno.

573 1641 730 1685 rnrnsrs.

105 1711 112 1721 '
169 1727 272 1792 snum
285 1727 417 1792 lenset
430 1727 496 1790 nee
510 1740 542 1791 ω
557 1725 629 1805 nna,
645 1725 770 1812 Priape,
785 1725 944 1811 quotannis

165 1832 356 1917 Exspectare
372 1844 419 1894 set
434 1845 503 1894 est:
526 1845 629 1897 costos
644 1851 679 1894 es
691 1831 835 1916 pauperis
849 1829 939 1894 horti.

163 1938 256 2003 Nune
271 1953 301 2004 te
317 1958 523 2003 marmoreum
538 1958 594 2023 pro
609 1951 747 2023 tempore
764 1936 914 2019 fecimus5
936 1952 968 2002 et
982 1949 1024 2016 nr,

163 2045 198 2110 Si
210 2045 309 2109 fetura
323 2064 449 2130 gregem
463 2043 659 2130 suppleverit,
671 2064 782 2107 eureus
796 2057 872 2109 esto·

568 2166 737 2210 conrnon.

164 2250 281 2317 Nerine
297 2251 439 2329 Galatea,
452 2250 560 2334 thymo
574 2249 647 2314 mihi
663 2250 779 2316 dulcior
795 2246 916 2332 Hybla,

165 2358 333 2445 Condidior
347 2359 464 2444 cycnis,
479 2354 597 2423 hederis
610 2354 769 2420 formosior
784 2353 864 2434 albii,

165 2463 271 2540 Quum
284 2463 417 2549 primrim
432 2462 511 2549 pesti
525 2474 664 2546 repetent
673 2460 822 2549 presepio
835 2462 925 2540 tauri,

166 2569 200 2632 Si
215 2589 276 2652 qun
289 2570 333 2632 tui
349 2563 524 2651 Corydonis
537 2566 631 2631 hebet
644 2578 674 2629 te
690 2587 775 2644 oure,
790 2565 903 2631 venito.

575 2688 733 2733 nurnero.

168 2775 264 2840 lmroo
278 2797 337 2861 ego
354 2775 479 2840 Sardois
495 2773 599 2838 videor
613 2775 666 2838 tibi
683 2773 813 2836 nmerior
828 2772 939 2850 herbis,

173 2879 327 2945 Horridior
342 2903 444 2959 rusco,
459 2880 597 2968 projectis
611 2881 697 2944 vilior
713 2877 792 2964 aigi,

170 2984 204 3048 si
219 2986 289 3049 mihi
304 3008 365 3051 non
380 2987 446 3051 heo
461 2987 514 3051 lux
528 3001 592 3051 toto
602 2986 668 3071 jam
683 2984 799 3070 longior
814 3005 893 3048 enno
909 2997 965 3048 est.

168 3090 212 3153 lte
228 3090 363 3170 domum,
379 3093 467 3176 pesti,
483 3094 507 3156 si
524 3093 590 3177 quis
605 3091 713 3176 pudor,
730 3091 781 3166 ite,
794 3088 929 3174 juvenci.

567 3215 736 3258 conrnorr.

170 3298 305 3364 Muscosi
321 3298 429 3378 sontes,
446 3316 478 3365 et
492 3321 598 3364 somno
613 3299 731 3364 mollior
746 3299 852 3377 herba,

171 3402 212 3468 Et
227 3426 293 3489 qnae
308 3427 362 3469 vos
377 3404 446 3470 reris
460 3407 562 3470 viridis
577 3408 650 3489 tegit
661 3404 784 3469 arbutus
799 3404 916 3480 umbris,

171 3511 336 3574 Solstitium
352 3512 455 3597 pecori
472 3510 646 3575 defendite:
663 3509 730 3596 jam
745 3511 827 3572 venit
842 3523 928 3572 estne

170 3616 312 3695 Torride,
324 3618 390 3703 jem
401 3617 468 3681 laeto
484 3631 604 3700 turgent
615 3618 644 3678 in
661 3615 784 3701 palmite
800 3635 939 3698 gemme.

580 3740 735 3782 nnrnsss.

174 3825 235 3890 Hie
252 3824 349 3902 iocus,
365 3839 397 3887 et
407 3825 491 3888 tede
507 3826 633 3907 pingues
647 3846 656 3902 3
679 3820 729 3886 hio
744 3823 890 3907 plurimus
905 3824 981 3907 ignis

174 3930 314 4016 Semper,
331 3943 362 3991 et
377 3926 499 3992 assiduis
513 3944 615 4022 postes
631 3928 754 4010 iuligine
771 3926 845 4010 nigri
860 3949 870 4005 ;

174 4035 234 4099 Hie
245 4036 360 4099 ransom
377 4032 485 4099 Boreae
502 4055 644 4097 curamus
660 4031 780 4118 frigora,
797 4030 941 4116 quantirm

173 4142 237 4211 Aut
248 4161 408 4205 numerum
425 4140 522 4224 lupus¹
539 4154 590 4204 eut
605 4142 748 4203 torrentia
763 4139 886 4202 flumina
901 4139 992 4223 ripas.

570 4263 739 4306 conrnon.

176 4347 259 4410 Stant
276 4361 307 4410 et
317 4347 461 4432 juniperi,
475 4361 506 4410 et
520 4362 669 4411 castnneae
685 4347 803 4409 hirsute
812 4368 822 4424 3

174 4449 272 4514 Strato
284 4451 387 4534 jacens
403 4451 514 4533 passim
530 4473 585 4515 sun
601 4448 721 4535 quinque
737 4449 792 4514 sub
809 4448 915 4512 arbore
931 4469 1043 4534 poma3
