2756 5010
203 517 257 572 188
644 498 833 568 AENEIDO'S

246 665 404 731 Exercete
418 661 510 744 odiis,
525 667 688 750 cinerique
703 665 772 728 haec
788 665 900 728 mittite
915 672 1021 726 nostro

247 769 400 832 Munera:
422 767 523 833 nullus
540 789 629 832 amor
643 765 767 852 populis
783 787 842 830 nec
857 763 979 830 loedera
993 776 1094 828 sunto.

248 871 404 936 Exoriare
419 868 533 954 aliquis
548 873 661 934 nostris
677 891 717 932 cx
732 870 854 933 ossibus
869 865 961 948 ultor,
1231 871 1297 930 695

248 973 311 1056 Qui
327 973 396 1038 sace
412 973 594 1038 Dardanios
609 974 757 1058 ferroque
772 993 906 1058 sequare
922 971 1059 1051 colonos,

249 1077 351 1156 Nunc,
366 1075 450 1156 olim,
464 1099 661 1163 quocumque
677 1076 797 1142 dabunt
811 1099 845 1140 se
861 1087 1002 1162 ternpore
1022 1079 1117 1140 vires.

229 1179 370 1244 xLinora
386 1179 542 1245 littoribus
557 1184 725 1260 contraria,
741 1179 885 1244 fluctibus
900 1177 1011 1258 undas,

249 1283 418 1370 Imprecor‚
433 1305 522 1348 arma
536 1287 648 1348 armis:
672 1297 809 1370 pugnent
824 1285 947 1368 ipsique
962 1295 1169 1368 nepotesque.

294 1387 376 1450 Haec
392 1389 445 1467 ait,
460 1401 491 1450 et
505 1399 611 1473 partes
627 1390 763 1450 animum
778 1386 926 1452 versabat
940 1388 972 1448 in
987 1407 1104 1464 omnes,
1173 1381 1178 1429 ἵ
1234 1387 1296 1448 630

250 1489 387 1552 Invisum
403 1509 545 1574 quaerens
561 1485 790 1575 quamprimtim
805 1489 994 1574 abrumpere
1010 1487 1124 1553 lucem.

194 1657 202 1674 ,
251 1590 333 1654 Tum
350 1592 488 1656 breviter
504 1593 628 1658 Barcen
643 1596 796 1658 nutricem
811 1591 908 1657 affata
923 1591 1062 1678 Sychaei,

251 1692 396 1778 Namque
412 1715 499 1758 suum
513 1693 617 1780 patrii
633 1695 760 1780 antiquei
775 1699 855 1760 cinis
870 1709 939 1760 uter
955 1694 1112 1758 habebat:

250 1798 383 1876 Annam,
397 1817 474 1862 cara
488 1797 564 1862 mihi
581 1802 696 1878 nutrix,
712 1798 772 1862 huc
789 1801 863 1862 siste
878 1819 1017 1862 sororem
1032 1820 1041 1860 :

252 1895 314 1963 Dic
329 1921 443 1984 corpus
458 1912 607 1986 properet
622 1899 740 1964 fluviali
756 1921 905 1986 spargere
921 1896 1061 1985 lymph5,
1234 1904 1297 1960 635

250 2001 292 2066 Et
305 2001 444 2088 pecudes
459 2023 566 2068 secum
581 2015 612 2067 et
626 2016 796 2068 monstrata
811 2003 937 2088 piacula
951 2001 1066 2080 ducat3

250 2105 303 2169 Sic
319 2109 443 2170 teniat:
467 2118 562 2191 tuque
577 2110 646 2193 ipsa
661 2105 715 2192 pis
730 2119 799 2192 tege
815 2117 958 2191 tempora
971 2102 1059 2169 vitti.

250 2207 350 2272 Sacra
363 2207 437 2273 Jovi
453 2208 573 2295 Stygio,
589 2229 658 2294 quae
673 2209 734 2272 ritd
749 2212 875 2294 incepta
890 2211 1012 2294 paravi,

251 2311 407 2376 Perficere
423 2326 469 2376 est
484 2314 615 2390 animus,
630 2311 784 2396 finemque
799 2315 961 2397 imponere
975 2313 1070 2388 curis,

250 2413 470 2502 Dardaniique
485 2437 594 2504 rogum
609 2416 721 2501 capitis
736 2417 918 2501 permittere
933 2413 1076 2486 llemmae.
1235 2419 1299 2478 640

251 2519 304 2584 Sic
320 2522 374 2584 ait.
421 2517 479 2584 Illa
492 2518 626 2607 gradum
640 2519 743 2584 studio
757 2517 920 2584 celerabat
935 2517 1045 2584 anili.l

291 2627 334 2688 At
350 2623 484 2710 trepida,
499 2637 530 2688 et
545 2628 657 2711 coeptis
672 2623 859 2688 immanibus
874 2621 972 2688 effera
986 2621 1083 2701 Dido,

252 2727 459 2812 Sanguineam
475 2726 604 2793 volvens
619 2729 729 2808 aciem,
744 2725 937 2812 maculisque
953 2738 1122 2791 trementes

252 2829 406 2895 Interiusa
418 2853 525 2917 genas,
540 2846 571 2896 et
584 2830 706 2916 pallida
719 2843 818 2895 morte
838 2829 949 2910 futuri,
962 2855 965 2866 ·

251 2933 405 2996 interiora
420 2929 530 2995 ramos
545 2932 688 3016 irrumpit
703 2931 820 3012 limina,
835 2945 867 2995 et
882 2932 961 2997 altos

252 3031 444 3095 Conscendit
459 3031 628 3096 furibunda
643 3053 744 3118 rogos,
759 3054 927 3118 ensemque
942 3031 1077 3098 recludit

250 3133 458 3215 Dardanium,
473 3157 534 3200 non
550 3133 607 3198 hos
622 3139 786 3222 quaesitum
801 3158 910 3201 munus
925 3139 957 3201 in
971 3159 1055 3202 usus.

252 3238 330 3318 Hic,
343 3251 509 3324 postquam
524 3237 637 3304 Iliacas
652 3253 755 3305 vestes
770 3255 937 3327 notumque
952 3240 1057 3306 cubile

252 3340 436 3427 Conspexit,
449 3340 576 3429 paultim
593 3343 742 3430 lacrymis
758 3357 789 3408 et
803 3356 905 3409 mente
920 3357 1050 3426 morata,

253 3443 460 3532 incubuitque
476 3460 552 3528 toro,
567 3445 709 3532 dixitque
725 3451 895 3513 novissima
910 3447 1028 3512 verba:

296 3547 414 3613 Dulces
430 3553 564 3629 exuvtae,
578 3549 652 3614 dum
668 3551 732 3614 sata
747 3549 886 3635 deusque
902 3550 1054 3629 sinebant,

253 3653 399 3737 Accipite
415 3651 496 3717 hanc
512 3656 657 3734 unimam,
672 3675 784 3738 meque
799 3651 848 3716 his
864 3652 1017 3735 exsolvite
1031 3653 1129 3716 curis.

253 3757 344 3836 Vixi,
359 3768 390 3820 et
406 3777 498 3842 quem
513 3755 644 3821 dederat
658 3779 782 3821 cursum
798 3757 920 3820 fortuna
935 3758 1063 3841 peregi:

252 3857 295 3922 Et
309 3879 390 3922 nunc
406 3879 518 3944 magna
533 3861 595 3922 mei
610 3859 668 3922 sub
684 3871 783 3922 terras
799 3859 856 3922 ibit
870 3861 984 3946 imago.

254 3958 376 4024 Urbem
390 3961 576 4046 praeclarum
592 3962 705 4041 statui3
726 3983 795 4026 mee
812 3963 927 4026 moenia
937 3959 1031 4041 ¹vidi;

256 4063 332 4130 Ulta
346 4067 456 4146 virum,
471 4086 580 4150 poenas
595 4066 721 4130 inimico
736 4087 756 4129 a
771 4066 867 4129 fratre
881 4067 1011 4150 recepi3

255 4166 356 4248 Felix,
371 4165 451 4233 heu!
474 4165 602 4234 nimitim
617 4165 704 4249 felix,
719 4168 744 4232 si
759 4167 863 4236 littora
878 4165 994 4234 tantitm
