2890 5002
227 423 265 476 m
618 421 906 496 cennerconun

268 571 347 637 Pers
363 571 460 656 epulis
475 583 602 636 onerant
616 588 750 650 mensas,
767 585 797 636 et
811 573 903 656 plena
919 587 1069 657 reponunt

267 678 410 758 Pocula3
433 677 594 742 Panchaeis
609 679 790 742 adolescunt
803 677 924 762 ignibus
939 699 1007 742 are.

267 785 310 850 Et
326 799 433 863 mater,
450 782 539 871 Cape
556 783 678 850 Maeuii
695 785 855 851 carchesia
871 782 1002 860 Bacchi,

267 889 396 954 Oceano
412 891 552 968 libemus,
569 892 621 956 ait.
646 889 744 956 Simul
760 892 826 976 ipsa
841 903 983 977 precatur

266 993 492 1081 Oceanumque
508 1012 755 1084 patremmeum,
772 997 996 1082 Nymphasque
1013 1013 1142 1074 sorores,

153 1131 158 1137 ·
267 1101 403 1167 Centum
420 1125 485 1190 quae
502 1106 603 1186 silvas,
620 1118 744 1169 centurn
761 1125 826 1188 que
842 1104 968 1168 flumine
984 1115 1116 1168 servunt.

268 1205 336 1272 Ter
351 1209 467 1294 liquido
482 1209 640 1274 ardentem
656 1207 791 1291 perfudit
806 1221 931 1272 nectare
948 1204 1099 1287 Vestam

268 1307 335 1377 Ter
350 1312 474 1377 flamma
489 1315 528 1378 ad
545 1333 698 1376 summum
713 1312 786 1376 tecti
802 1311 940 1397 subjecta
955 1313 1078 1378 reluxit.

268 1417 382 1482 Omine
399 1439 460 1502 quo
475 1417 599 1482 firmans
614 1417 761 1494 animum,
777 1417 821 1480 sie
837 1415 942 1501 incipit
957 1417 1043 1500 ipsa:

312 1521 371 1588 Est
385 1525 416 1586 in
432 1521 601 1608 Carpathio
616 1519 754 1606 Neptuni
770 1522 888 1605 gurgite
904 1533 1000 1598 vates,

268 1629 428 1694 Caeruteus
442 1629 585 1707 Proteos,
602 1647 745 1712 magnum
762 1628 813 1712 qui
828 1626 962 1711 piscibus
977 1645 1080 1710 equor

267 1735 311 1800 Et
320 1737 428 1823 ijeto
443 1735 589 1822 bipedum
605 1755 696 1800 curru
712 1733 834 1800 metitur
850 1751 1010 1818 equorum.

268 1839 331 1906 Hic
348 1863 429 1906 nune
445 1838 596 1905 Emathiae
612 1853 717 1924 portus
731 1839 922 1924 patriamque
938 1835 1042 1900 revisit

266 1945 437 2010 Pallenen:
459 1945 540 2008 huno
555 1957 588 2008 et
602 1943 756 2028 Nympho
772 1962 964 2017 veneramur,
981 1940 1093 2023 etipse

268 2047 457 2114 Grandaevus
473 2046 618 2126 Nereus;
639 2048 723 2112 novit
737 2067 871 2130 nemque
886 2045 988 2110 omnia
1004 2057 1100 2123 vates,

268 2152 347 2228 Quae
364 2154 432 2232 sim,
450 2175 515 2239 que
532 2151 653 2229 suerint,
670 2170 736 2237 que
751 2173 827 2216 mox
842 2166 969 2214 venture
985 2151 1151 2215 trahantur.

267 2260 393 2346 Quippe
408 2261 449 2324 ita
461 2257 609 2345 Neptuno
623 2259 723 2322 risum
739 2271 797 2337 est,
814 2258 958 2322 immania
974 2257 1064 2344 eujus

265 2367 415 2430 Armenta
430 2379 463 2430 et
477 2377 582 2449 turpes
598 2364 695 2450 pascit
710 2363 766 2428 sub
782 2364 900 2448 gurgite
916 2363 1043 2448 phocas.

208 2505 209 2508 ¹
266 2467 329 2536 Hic
345 2471 408 2550 tibi,
425 2482 506 2548 nate,
522 2468 605 2555 priirs
620 2469 726 2534 vinciis
737 2468 917 2554 capiundos,
934 2482 967 2532 ut
981 2488 1104 2532 omnem

266 2576 425 2664 Expediet
440 2577 537 2641 morbi
553 2595 679 2640 causam
694 2585 883 2660 eventusque
899 2574 1058 2640 secundet.

198 2719 200 2722 ·
266 2681 350 2747 Nam
364 2684 431 2750 sine
447 2683 476 2746 vi
492 2703 552 2747 nou
568 2683 629 2746 ulla
645 2681 730 2745 debit
742 2693 908 2766 precepta,
924 2699 1024 2763 neque
1040 2679 1124 2744 illurn

267 2789 395 2854 Orando
411 2788 538 2852 flectes:
560 2789 622 2850 vim
635 2787 742 2854 duram
759 2801 790 2850 et
806 2785 926 2848 vinnula
937 2799 1028 2870 cepto

266 2895 401 2971 Tende;
424 2891 485 2953 doli
501 2891 618 2952 circum
634 2890 700 2952 hee
717 2891 843 2952 demum
859 2888 1035 2972 frangentur
1050 2891 1167 2954 inenes.
1233 2893 1303 2952 400

233 3061 235 3076 ,
267 2997 337 3082 Ipsa
354 3017 412 3080 ego
428 3008 469 3070 te,
486 2991 606 3055 medios
622 3012 715 3074 quum
732 2992 776 3054 soi
793 2983 1085 3072 accenderemus,

266 3102 374 3177 Quum
390 3099 492 3162 sitiunt
506 3097 619 3174 herbe,
636 3110 668 3161 et
682 3099 788 3181 pecori
800 3098 867 3184 jam
883 3100 994 3183 gratior
1009 3101 1118 3164 umbra
1133 3115 1191 3177 est,

266 3208 301 3272 ln
318 3223 438 3272 secreta
453 3203 534 3268 senis
550 3204 673 3282 ducam,
691 3203 751 3288 qud
767 3203 865 3270 fessos
880 3207 919 3269 ab
935 3207 1024 3272 undis

268 3315 310 3378 Se
327 3311 445 3398 recipit,
462 3307 552 3374 facite
568 3323 601 3374 ut
616 3326 723 3374 somno
739 3312 919 3396 aggrediere
931 3313 1100 3399 jacentem.

264 3416 382 3483 Venim
398 3415 449 3480 ubi
465 3429 640 3500 correptum
656 3415 796 3480 menibus
810 3417 977 3502 vinclisque
992 3419 1121 3498 tenebis,
1233 3421 1299 3483 tos
1432 3477 1433 3496 p

266 3523 351 3591 Tum
366 3525 455 3588 varie
473 3523 599 3587 eludent
613 3522 734 3609 species
750 3536 841 3609 utque
857 3545 912 3588 orn
927 3523 1079 3591 ferarum:

267 3627 339 3694 Fiet
355 3627 436 3692 enim
452 3625 550 3691 subitd
566 3647 618 3692 sus
633 3627 783 3705 horridus,
796 3640 922 3713 utraque
938 3630 1032 3714 tigris,

267 3737 518 3820 squamosusque
535 3733 641 3810 draco,
657 3745 690 3796 et
704 3730 787 3797 snivi
801 3735 925 3798 cervice
942 3736 1038 3801 leena
1052 3759 1063 3816 3

267 3842 331 3906 Au't
347 3859 450 3904 acrem
466 3835 596 3902 flamme
612 3837 743 3902 sonitum
759 3839 852 3916 debit,
869 3853 960 3925 atque
976 3841 1018 3906 ita
1034 3841 1139 3908 vinclis

268 3945 527 4023 Excidet‚autin
545 3964 640 4029 aquas
656 3946 913 4033 tenuesdiiapsrrs
929 3949 1032 4014 abibit.
1234 3953 1300 4015 410

270 4053 334 4118 Sed
352 4048 463 4138 quante
478 4049 529 4114 ille
545 4047 642 4137 magis
658 4051 771 4119 formes
787 4071 821 4118 se
836 4067 935 4122 vertet
949 4057 981 4120 in
994 4077 1113 4136 omnes,
1432 4045 1433 4064 ¹

172 4196 173 4209 κ
237 4243 245 4250 ,
268 4159 382 4236 Tanto,
398 4169 480 4234 nate,
498 4153 594 4241 magis
609 4159 763 4226 contende
777 4161 898 4228 tenaoia
913 4161 1034 4238 rinoln3

382 4277 402 4314 ⁸
917 4281 920 4286 .
