2648 5288
541 817 658 878 LIBER
678 819 727 878 Xl.

127 967 166 1035 ht
177 972 302 1059 primus
315 973 457 1060 sceptris,
472 973 555 1039 haud
571 973 643 1039 laeti
656 977 767 1054 fronte,
781 972 921 1041 Latinus.

127 1070 235 1161 Atque
249 1077 300 1142 htc
315 1077 435 1163 legatos
452 1077 552 1141 AEtola
566 1101 607 1141 ex
623 1080 700 1142 urbe
712 1081 858 1143 remissos

127 1171 202 1255 Quae
220 1180 357 1244 referant
370 1179 430 1243 fari
439 1179 539 1264 jubet,
555 1195 586 1243 et
600 1202 749 1266 respousa
764 1184 900 1264 reposcit
1099 1188 1162 1248 240

125 1272 249 1348 Ordine
261 1298 375 1348 cuncta
387 1304 456 1346 suo.
499 1282 580 1346 Tum
595 1283 678 1346 lacta
692 1282 814 1347 silentia
830 1283 950 1369 linguis,

127 1372 166 1440 Εῑ
180 1380 337 1463 Venulus,
350 1385 436 1461 dictu
451 1405 574 1469 parens,
590 1387 631 1449 ita
646 1386 742 1449 farier
757 1385 843 1449 infit:

126 1473 285 1567 Vidimus,
298 1510 319 1551 o
332 1487 427 1565 cives,
442 1486 599 1550 Diomede
614 1488 793 1572 Argivaque
807 1499 929 1566 castra3

124 1580 244 1670 Atque,
257 1592 315 1655 iter
329 1592 455 1668 emensi,
469 1610 560 1653 casus
573 1595 788 1674 superavimus
802 1610 930 1669 omnes3

122 1677 381 1780 coartigimusque
395 1715 520 1759 manum
535 1695 596 1778 qua
612 1694 748 1758 concidit
764 1694 819 1757 llia
834 1693 935 1757 tellus.
1099 1699 1161 1757 ata

122 1778 182 1851 me
196 1796 308 1862 urbem
323 1797 521 1882 Argyripam,
536 1800 643 1882 patrie
658 1800 841 1882 cognomine
854 1796 964 1882 gentis,

121 1881 242 1962 Victor
254 1900 393 1985 Gargani
408 1899 563 1964 condebat
580 1900 705 1986 lapygis
721 1901 816 1963 arvis.

121 1980 295 2085 1’llsstquam
310 2004 502 2087 introgressi,
517 2015 547 2064 et
561 2000 667 2065 coram
683 2001 757 2066 data
771 2005 864 2087 copia
879 2000 976 2082 laudi,

119 2082 261 2168 ¹lunera
274 2103 478 2189 premimus,
493 2126 605 2168 nomeu
621 2104 815 2190 patriamque
830 2105 998 2184 docemus;

116 2185 186 2271 Qui
201 2202 319 2270 bellum
332 2204 501 2285 intulerint,
517 2227 586 2290 quae
599 2227 697 2271 causa
711 2207 875 2271 attraxerit
888 2209 1003 2293 Arpos·
1097 2214 1161 2272 2⁵0

118 2292 251 2374 Audin
264 2309 316 2374 ille
332 2307 401 2374 haec
415 2310 541 2395 placido
556 2313 601 2375 sic
616 2309 755 2375 reddidit
768 2331 822 2376 ore
831 2333 840 2376 t
850 2346 903 2385 μ.

117 2392 151 2459 0
164 2403 331 2477 lemmate
345 2425 463 2499 gentes,
477 2415 622 2481 Saturnia
636 2435 743 2500 regua,

116 2498 255 2601 Antiqui
268 2517 408 2596 Ausonii,
422 2538 491 2602 quae
506 2538 563 2582 vos
577 2518 699 2582 fortuna
713 2519 835 2602 quietos

121 2600 288 2699 &llicitat
301 2618 474 2702 suadetque
489 2623 594 2706 ignota
610 2620 764 2685 lacessere
779 2621 882 2686 bellal

101 2774 106 2807 5
118 2700 319 2808 Quicumque
334 2722 449 2787 lliacos
461 2722 545 2787 ferro
559 2722 742 2787 violavimus
757 2744 858 2808 agros,
1095 2733 1157 2792 25⁵

122 2806 236 2905 lffitto
250 2848 288 2890 ea
302 2847 373 2910 quoe
388 2827 482 2890 muris
496 2825 644 2890 bellando
659 2825 812 2889 exhausta
826 2826 885 2889 sub
901 2824 981 2907 altis,

126 2908 214 2995 Quos
227 2931 337 2994 Simois
350 2943 472 3014 premat
486 2928 539 2993 ille
554 2929 664 3035 viros)
680 2927 807 2992 infanda
821 2950 879 3013 per
892 2929 1003 2994 orbem

68 3084 74 3121 :
129 3014 294 3113 Supplicia
307 3045 340 3096 et
353 3031 506 3096 scelerum
521 3052 629 3116 poenas
645 3030 848 3118 expendimus
862 3053 979 3112 ennea,

131 3115 191 3191 Vel
208 3135 328 3199 Priamo
343 3133 521 3199 miseranda
536 3156 655 3199 manus.
699 3134 763 3198 Scit
778 3136 864 3199 triste
884 3135 1036 3200 Minervae

134 3218 229 3316 Sidus,
242 3251 272 3301 et
287 3238 438 3301 Euboicae
451 3251 568 3316 cautes,
583 3236 725 3320 ultorque
740 3236 935 3322 Caphereus.
1094 3247 1156 3306 260

138 3322 240 3403 ltiliut
252 3364 291 3406 ex
306 3339 361 3404 illi
375 3338 533 3404 diversum
549 3339 589 3405 ad
606 3340 688 3404 littus
706 3338 821 3421 adacti,

68 3522 71 3527 ι
142 3430 250 3508 Atrida
263 3444 367 3508 Protei
383 3442 545 3507 Menelais
560 3442 699 3527 adusque
714 3441 874 3512 columnas

143 3528 272 3629 baulan
292 3545 424 3611 AEtneos
439 3546 517 3610 vidit
530 3544 692 3632 Cyclopas
707 3543 850 3631 Ulysses.

145 3629 237 3730 Regna
248 3648 444 3736 Neoptolemi
459 3649 602 3727 reseram,
616 3668 784 3732 versosque
800 3649 932 3712 Penates

147 3734 303 3820 homnem
345 3753 511 3837 Libycone
526 3750 704 3815 habitantes
717 3748 818 3813 littore
834 3748 974 3815 Locros?
1093 3762 1154 3820 265

149 3834 203 3925 lpse
215 3853 391 3942 llycemeus
406 3875 584 3940 magnorum
599 3852 709 3917 ductor
723 3851 880 3917 Achivtim

84 3980 92 4001 ·
151 3940 273 4045 conjugis
286 3957 422 4024 inlandae
436 3958 536 4042 prima
551 3959 633 4020 intra
648 3956 755 4019 limina
770 3953 883 4019 dextri

152 4042 282 4142 omeliin
303 4060 460 4126 devictam
471 4061 579 4125 Asiam
594 4058 733 4122 subsedit
748 4058 887 4122 adulter:

153 4142 275 4229 lllldhse
287 4163 365 4228 deos
379 4166 490 4249 patriis
505 4178 538 4226 ut
552 4161 691 4225 redditus
707 4164 769 4225 aris

151 4246 307 4354 qugium
321 4283 461 4354 optatum
476 4283 507 4331 et
522 4265 683 4352 pulchram
699 4265 867 4351 Calydona
881 4263 1042 4332 viderem?
1093 4272 1156 4333 270

154 4347 323 4437 lucenam
340 4370 484 4436 horribili
499 4374 568 4434 visu
583 4382 724 4454 portenta
739 4383 916 4453 sequuntur,

154 4451 259 4544 lltotii
271 4475 378 4544 amissi
390 4477 546 4569 petierunt
558 4475 676 4541 aetbera
690 4477 810 4564 pennis,
