2648 5288
515 821 633 881 LIBER
652 822 701 884 111.

137 976 248 1065 AEqoom
258 978 414 1044 circuitu:
437 973 581 1042 dextrum
596 979 667 1065 fuge
682 977 775 1060 littus,
790 992 821 1044 et
835 979 946 1046 undas.
955 1004 972 1037 a

138 1080 201 1149 iter
213 1082 281 1163 loca,
296 1084 328 1147 vi
342 1080 503 1169 quondam
518 1097 549 1146 et
563 1083 651 1147 vasta
665 1083 815 1149 convulsa
829 1086 930 1167 ruinis,

137 1182 244 1253 'lentim
254 1188 314 1252 aevi
329 1185 502 1274 longinqua
515 1186 598 1251 valet
614 1196 735 1252 mutare
750 1201 887 1254 vetustas
899 1192 907 1252 !
1079 1198 1142 1258 415

141 1286 413 1377 Dissiluissqieusnt,
428 1313 524 1376 quum
537 1306 685 1377 protenus
700 1306 832 1378 utraque
847 1293 937 1358 tellus

128 1368 196 1457 tum
206 1396 292 1460 loretz
314 1400 402 1460 venit
417 1394 521 1460 medio
536 1397 566 1459 vi
581 1409 704 1481 pontus,
719 1409 750 1460 et
765 1395 856 1460 undis

145 1490 296 1583 llesperium
311 1498 419 1563 Siculo
433 1498 514 1563 latus
530 1499 684 1579 abscidit,·.
691 1520 831 1585 arvaque
846 1513 877 1564 et
892 1500 986 1565 urbes

146 1592 233 1665 lalltore
245 1601 388 1666 diductas
404 1615 534 1687 angusto
550 1601 687 1667 interluit
701 1616 789 1667 aestu.

145 1693 261 1769 liemon
275 1704 385 1792 Scylla
401 1704 491 1785 latus,
506 1705 617 1770 laevum
633 1705 801 1791 implacata
816 1704 1013 1796 Charybdis,
1078 1718 1141 1776 420

148 1796 251 1887 Obsidet,
262 1823 356 1893 atque
371 1811 435 1872 imo
449 1808 593 1873 barathri
609 1822 656 1873 ter
670 1813 790 1896 gurgite
805 1825 910 1876 vastos

149 1902 266 1976 Sorbetin
280 1914 447 2000 abruptum
463 1913 582 1993 ductus,
600 1935 768 1999 rursusque
783 1914 842 1978 sub
857 1937 950 1981 auras

149 2004 218 2099 ligi
229 2016 367 2097 alternos,
381 2032 413 2082 et
427 2017 534 2082 sidera
548 2019 696 2083 verberat
711 2016 804 2083 undd.

148 2112 178 2175 h
187 2116 303 2205 Scyllam
317 2122 411 2185 caecis
425 2121 553 2186 cohibet
567 2120 718 2208 spelunca
733 2121 871 2204 latebris,

146 2212 193 2281 Ora
203 2238 405 2303 exsertantem,
420 2238 451 2288 et
465 2246 562 2288 naves
578 2229 609 2289 in
624 2247 702 2289 saxa
718 2226 904 2292 trahentem.
1080 2237 1142 2294 425
1232 2218 1237 2229 ¹

145 2314 221 2387 Pn‘m
232 2324 360 2393 hominis
373 2327 483 2406 facies,
498 2340 529 2390 et
542 2326 676 2412 pulchro
689 2341 818 2413 pectore
834 2334 922 2417 virgo

143 2418 209 2488 hibe
219 2442 314 2508 tenus3
335 2443 495 2515 postrem
509 2432 637 2495 immani
651 2451 786 2516 corpore
800 2436 918 2517 pristis,

139 2520 299 2611 Delphinhn
313 2530 433 2595 caudas
447 2544 536 2596 utero
550 2536 717 2596 commissa
733 2532 888 2619 luporum.
909 2548 916 2581 ·'
935 2534 961 2551 ‘⁶

137 2624 241 2717 Pmstat
252 2633 412 2699 Trinacrii
427 2648 526 2698 metas
540 2634 673 2700 lustrare
680 2636 836 2725 „Pachyni

131 2730 421 2823 Cessantemlongos
436 2751 466 2801 et
481 2738 729 2802 clrcumflectere
744 2760 864 2820 cursuS,
1079 2740 1142 2817 43'0

128 2836 214 2919 &rin
226 2824 318 2905 semel
331 2841 494 2905 informem
510 2853 598 2904 vasto
612 2840 729 2903 vidisse
744 2842 803 2905 sub
819 2856 909 2905 antro

124 2940 258 3027 Scyllam,
271 2959 301 3008 et
315 2943 459 3009 caerulels
474 2945 606 3007 canibus
621 2947 801 3006 resonantia
816 2964 906 3007 saxa.

119 3044 274 3125 Pmterea,
288 3054 315 3113 si
330 3069 393 3133 qua
407 3062 454 3111 est
469 3047 595 3112 Heleno
610 3045 788 3132 prudentia,
803 3049 868 3108 vati

116 3148 221 3234 Siqua
233 3150 317 3231 fides,
332 3152 469 3214 animum
484 3153 510 3212 si
525 3152 608 3213 veris
625 3146 733 3232 implet
749 3147 872 3234 Apollo,

112 3249 217 3317 Unum
229 3251 303 3317 illud
317 3253 386 3329 tibi,
400 3264 472 3315 nate
487 3250 557 3341 ded,
570 3271 700 3335 praeque
715 3250 860 3313 omnibus
875 3271 979 3332 unum,
1080 3263 1142 3321 435

109 3353 294 3436 Pmdicam,
307 3369 339 3421 et
353 3369 499 3441 repetens
514 3357 688 3439 iterumque
704 3357 879 3439 iterumque
894 3357 1040 3423 monebo.

104 3462 243 3527 Junonis
257 3483 373 3547 magrrae
388 3457 523 3545 primum
538 3480 633 3543 prece
648 3479 760 3522 numen
776 3458 896 3538 adora3

102 3564 226 3631 Junoni
239 3584 317 3628 cane
331 3577 405 3627 vota
419 3560 531 3640 libens,
546 3559 767 3645 dominamque
782 3574 941 3645 potentem

102 3666 310 3754 Supplicibus
323 3688 439 3753 supera
455 3665 564 3728 donis:
588 3663 632 3727 sic
648 3662 786 3747 denique
801 3665 903 3727 victor

100 3770 278 3839 Trinacria
293 3770 370 3835 fines
384 3767 479 3834 ltalos
494 3766 618 3832 mittdre
635 3765 757 3830 relicta.
1082 3776 1145 3837 440

101 3876 184 3941 Huc
201 3874 255 3938 ubi
268 3872 391 3938 delatus
404 3871 567 3937 Cumaeam
582 3873 755 3934 accesseris
770 3870 891 3950 urbem,

99 3980 305 4063 Divinosque
321 3975 417 4058 lacus,
433 3988 463 4041 et
479 3978 605 4039 Averna
620 3976 763 4039 sonantia
781 3973 889 4052 silvis;

100 4085 256 4151 lucanam
270 4096 374 4147 vatem
389 4080 557 4167 adspicies,
572 4100 642 4165 quae
656 4101 734 4165 rupe
750 4078 808 4142 sub
823 4075 887 4140 ima

99 4186 190 4253 Fata
205 4188 298 4263 canit,
311 4183 459 4269 foliisque
474 4196 563 4248 notas
578 4195 609 4245 et
624 4185 750 4246 nomina
766 4176 903 4243 mandat.

97 4292 322 4375 Quaecumque
336 4292 370 4352 in
383 4285 465 4351 soliis
480 4286 645 4371 descripsit
664 4287 805 4348 carmina
820 4285 919 4366 virgo,
1082 4293 1142 4349 445

98 4392 237 4480 Digerit
251 4392 282 4455 in
296 4412 467 4469 numerum,
482 4402 575 4475 atque
590 4401 680 4453 antro
695 4384 816 4451 seclusa
831 4384 996 4467 relinquit:

99 4494 164 4561 llla
180 4508 310 4559 manent
322 4495 451 4557 immota
465 4489 553 4573 loeis,
567 4510 670 4577 neque
685 4490 728 4555 ah
741 4487 852 4573 ordine
866 4484 992 4552 cedunt.

368 4600 405 4657 ‘21
