2928 5002
552 769 792 852 ECLOGA
817 773 868 853 V.

534 1107 729 1171 murreus,
746 1107 886 1160 uorsus.

613 1277 800 1324 uauaacss.

224 1355 297 1422 Oua
312 1379 382 1436 non,
398 1357 522 1444 Mopse,
537 1360 609 1426 boni
625 1363 766 1447 quoniam
779 1363 975 1430 convenimus
991 1365 1090 1444 ambo,

220 1461 270 1524 Tu
287 1463 423 1528 calamos
438 1464 544 1530 inflare
559 1449 655 1542 leves,
672 1485 731 1550 ego
747 1466 851 1530 dicere
867 1488 983 1548 versus,

222 1567 284 1634 llic
299 1570 412 1654 corylis
427 1572 538 1634 mixtas
553 1572 631 1634 iuter
646 1571 832 1636 cousidimus
847 1571 970 1638 ulmos?

641 1693 782 1738 uorsus.

221 1780 272 1843 Tu
288 1779 395 1864 major,
411 1777 465 1842 tibi
482 1799 531 1842 me
547 1792 594 1844 est
609 1800 728 1863 equum
745 1800 864 1863 parere,
880 1777 1043 1859 Menalca;

223 1881 295 1946 sive
311 1885 368 1946 sub
383 1883 515 1948 incertas
531 1884 674 1970 zephyris
689 1884 871 1950 motantibus
886 1885 1018 1964 umbras,
1226 1892 1246 1949 5

222 1988 294 2053 Sive
309 2003 396 2053 anuo
406 1987 517 2073 potius,
533 1990 746 2054 succedimus:
770 1991 894 2075 adspice
907 2007 938 2057 ut
954 2007 1071 2058 anuum

221 2093 375 2158 Silvestris
389 2094 466 2157 ratis
480 2095 588 2178 sparsit
603 2095 742 2160 labrusca
753 2096 894 2160 racemis.

621 2216 802 2262 mamaccas.

223 2299 377 2365 Montibus
392 2301 423 2364 in
437 2301 547 2368 nostris
562 2301 644 2367 solus
658 2301 710 2366 tibi
726 2315 823 2368 certet
837 2303 998 2388 Amyntas.

644 2423 786 2466 uorsus.

224 2502 322 2582 Quid,
336 2506 361 2568 si
376 2506 458 2570 idem
474 2520 574 2572 certet
588 2503 742 2570 Phoebum
759 2515 901 2592 superare
914 2506 1079 2572 canendo?

613 2629 801 2672 uauaacas.
1140 2686 1147 2698 ι
1200 2674 1206 2686 ,

221 2711 336 2795 Incipe,
351 2713 473 2797 Mopse,
488 2713 592 2800 prior3
614 2716 639 2778 si
656 2734 732 2798 quos
747 2727 799 2778 aut
813 2711 962 2798 Phyllidis
976 2715 1070 2800 ignes,
1204 2719 1244 2780 10

222 2820 284 2883 Aut
298 2819 426 2884 Alconis
441 2820 536 2884 habes
551 2820 670 2898 laudes,
688 2832 738 2882 sut
748 2818 849 2906 jurgia
865 2817 981 2884 Codri:

221 2921 325 3008 lricipe
337 2947 349 3005 5
370 2939 532 3010 pascentes
547 2924 678 2989 servabit
692 2921 819 3006 Tityrus
833 2924 947 2988 hedos.

511 3092 524 3118 .
632 3045 775 3090 uorsus.

223 3126 321 3192 lmmo
336 3131 402 3192 haec
417 3130 447 3192 iu
463 3128 549 3194 viridi
564 3150 663 3214 nuper
678 3150 744 3214 que
761 3128 874 3192 cortice
892 3127 950 3212 lagi

221 3230 367 3298 Cmmina
383 3232 541 3318 descripsi,
558 3247 589 3298 et
602 3233 762 3296 modulans
775 3232 889 3296 alterna
904 3234 1013 3309 notavi,

222 3335 396 3423 Experiar:
418 3353 451 3402 tu
466 3339 578 3404 deinde
589 3339 697 3426 jubeto
717 3351 814 3403 certet
828 3339 988 3424 Amyntas.

614 3461 800 3506 nemausas.

224 3541 322 3612 lenta
336 3546 414 3610 salix
431 3545 574 3631 quantum
590 3545 713 3630 pallenti
729 3545 811 3608 cedit
826 3545 922 3622 olive,

224 3650 366 3716 Puniceis
382 3652 502 3720 humilis
517 3652 662 3738 quantum
678 3651 811 3716 saliunca
828 3651 934 3714 rosetis
941 3673 954 3734 3

224 3754 344 3822 Judicio
355 3773 458 3826 oestro
469 3757 583 3824 tantum
599 3759 652 3824 tibi
668 3757 750 3821 cedit
765 3755 924 3840 Amyntas.

644 3880 783 3926 uorsus.

226 3961 286 4029 Sed
298 3980 332 4034 tu
344 3966 451 4034 desine
465 3967 564 4054 plura,
576 3987 655 4054 puer
667 3989 677 4048 ;
699 3966 903 4032 successimus
919 3976 1014 4030 anuo.
