2890 5002
606 345 722 408 uum
741 347 776 408 11.

196 497 347 583 Undique
356 492 477 560 nundi
492 487 593 560 studio
608 494 745 582 Trojano
755 497 902 584 juventus

174 602 395 704 xCircumfusa
401 599 480 684 ruit,
494 609 675 684 certantque
690 597 822 664 illudere
837 611 938 686 capto.

194 710 318 792 Accipe
331 724 412 770 num
426 701 573 766 Danadm
588 701 733 782 insidiam
753 714 786 766 et
798 703 927 768 crimine
941 702 983 768 ab
999 724 1058 770 uuo
1189 711 1232 771 65

196 811 297 876 Disce
310 827 427 874 omues.

198 913 344 998 Namque
357 921 391 974 ut
404 919 573 994 conspectu
587 909 618 974 io
633 907 747 988 medio,
762 908 914 988 turbatus,
928 910 1062 990 inermis,

198 1015 354 1092 Constitit,
369 1025 462 1098 atque
476 1009 574 1076 oculis
589 1011 731 1099 Phrygia
744 1012 868 1098 agmina
881 1013 1120 1100 circumspexit:

201 1119 297 1184 Heu!
319 1137 387 1201 quae
402 1137 482 1180 nuuc
497 1114 597 1195 tellus,
610 1115 719 1200 inquit,
733 1137 802 1200 quae
817 1137 866 1181 me
880 1138 1008 1202 aequora
1022 1133 1149 1204 possunt

201 1224 376 1306 Acciperet
396 1233 450 1284 aut
459 1218 536 1305 quid
545 1221 611 1306 jam
626 1220 738 1290 misero
753 1219 829 1284 mihi
844 1219 978 1305 denique
992 1235 1098 1303 restat,
1193 1230 1236 1288 7⁰

203 1325 268 1390 Cui
281 1345 378 1408 neque
393 1322 477 1410 apud
492 1321 620 1388 Danaos
634 1343 765 1407 usquam
781 1322 878 1402 locus,
892 1336 924 1388 et
938 1345 1031 1410 super
1045 1327 1106 1412 ipsi

202 1427 393 1493 Dardanidas
409 1426 519 1492 infensi
531 1446 641 1512 poenas
655 1447 727 1492 cum
741 1426 888 1512 sanguine
903 1433 1053 1512 poscunt?

202 1531 273 1613 Quo
287 1530 400 1616 gemitu
415 1529 555 1594 conversi
571 1529 676 1609 animi,
690 1549 885 1614 compressus
899 1541 931 1594 et
944 1531 1042 1596 omnis

203 1633 355 1718 Impetus:
378 1633 537 1698 hortamur
551 1633 621 1713 sari,
635 1654 697 1716 quo
711 1633 859 1719 sanguine
873 1646 986 1715 cretus,

201 1735 325 1820 Quidue
340 1736 675 1821 feratmemoreqqquae
691 1737 730 1802 sit
743 1736 857 1802 fiducia
870 1751 974 1822 capto.
1192 1748 1231 1804 75

201 1839 273 1925 [Ille
287 1839 367 1920 haec,
380 1839 522 1926 depositd
536 1839 661 1906 taudem
675 1839 850 1920 formidine,
864 1841 945 1906 latur
956 1841 990 1926 r]

246 1941 368 2008 Ctmcta
381 1941 527 2027 equidem
541 1941 607 2021 tibi,
619 1964 688 2021 rex,
702 1943 793 2006 fuerit
807 1941 1035 2028 quodcumque,
1049 1945 1171 2010 fatebor

205 2045 302 2126 vera,
317 2046 433 2131 inquit:
455 2065 556 2130 neque
570 2066 620 2109 me
634 2045 780 2130 Argolicd
794 2044 835 2109 de
849 2059 940 2130 gente
955 2047 1096 2134 negab03

205 2147 279 2214 Hoc
291 2144 443 2233 priuatim:
466 2167 534 2227 nec,
547 2147 575 2240 si
588 2145 733 2212 miserum
746 2147 869 2212 fortuna
884 2147 1029 2212 Sinonem

205 2250 318 2332 Finxit,
331 2271 445 2315 vanum
458 2251 553 2316 etiam
566 2249 811 2334 mendacemque
827 2251 968 2336 improba
982 2252 1110 2356 finget]
1194 2263 1237 2331 80Ι

205 2351 314 2416 Fando
327 2351 463 2436 aliquod,
477 2353 502 2416 si
513 2352 592 2416 sortd
608 2365 676 2416 tuas
690 2351 831 2436 pervenit
845 2349 888 2414 ad
903 2373 993 2417 aurea
1135 2368 1138 2373 “

206 2451 447 2538 Belidae-nomeu
463 2452 648 2533 Palamedis,
662 2464 693 2516 et
707 2451 825 2536 inclyta
840 2451 925 2514 lamia

204 2555 333 2635 Gloria3
353 2578 444 2641 quem
457 2556 536 2622 falsd
551 2556 611 2621 sub
624 2553 799 2642 proditione
815 2554 937 2640 Pelasgi

205 2660 503 2752 insontemflinlaodo
518 2659 643 2739 indicio,
652 2659 731 2758 fluia
745 2657 829 2724 bella
843 2659 981 2738 vetabat,

202 2761 368 2830 Demisere
383 2765 472 2845 oaci;
492 2785 572 2831 omre
586 2784 709 2830 cassum
724 2761 836 2845 lumine
850 2761 974 2848 lugente
1196 2773 1235 2829 8⁵

203 2867 256 2931 llli
269 2889 319 2932 me
334 2868 485 2948 comitem,
499 2881 530 2934 et
543 2866 808 2954 consanguinitate
821 2866 1038 2952 propinquum,

204 2969 332 3056 Pauper
345 2971 375 3034 in
388 2991 476 3038 arma
489 2985 580 3056 pater
594 2970 700 3056 primis
715 2968 776 3034 huc
791 2969 873 3034 misit
886 2970 929 3034 ab
943 2973 1042 3034 annis.

202 3070 291 3137 Dum
305 3073 407 3138 stabat
420 3095 516 3160 regno
530 3071 700 3161 incolumis,
713 3092 881 3156 regumque
895 3071 1023 3158 vigebat

202 3174 365 3256 Conciliis,
378 3190 409 3241 et
423 3197 478 3242 uos
493 3175 620 3261 aliquod
634 3181 808 3259 nomenque
822 3171 980 3259 decusque

199 3279 382 3344 Gesaimus:
405 3278 520 3344 invidia
534 3291 698 3364 postquam
712 3275 842 3362 pellacis
858 3275 986 3362 Ulyssei
1195 3286 1236 3344 90

201 3381 319 3464 (Haud
333 3385 438 3467 ignota
452 3379 575 3467 loquor)
586 3381 705 3467 superis
719 3380 871 3446 concessit
882 3379 923 3443 ab
938 3379 1011 3460 oris,

202 3481 345 3548 Afflictus
359 3485 455 3550 vitam
467 3485 650 3552 intenebris
665 3484 808 3568 luctuque
824 3481 996 3563 trahebam,

203 3585 250 3650 Et
263 3605 370 3650 casum
384 3587 511 3652 insontis
524 3608 646 3652 mecum
660 3585 844 3673 indignabar
858 3585 961 3649 amici.

202 3685 276 3750 Nec
290 3688 374 3751 tacui
388 3687 536 3769 demens3
557 3701 659 3768 etms,
673 3688 737 3752 fors
751 3688 850 3772 siqua
864 3685 993 3766 tulisset,

201 3789 239 3854 Si
254 3789 373 3874 patrios
388 3811 523 3876 unquam
536 3789 724 3857 remedssem
740 3789 839 3854 victor
849 3787 890 3853 ad
905 3789 1015 3875 Argos,
1195 3796 1235 3854 95

202 3891 339 3956 Promisi
353 3889 501 3973 ultorem3
522 3906 553 3958 et
567 3894 672 3958 verbis
686 3893 760 3958 odia
773 3913 884 3978 aspera
898 3892 990 3956 movi.

201 3994 295 4059 Hinc
311 3993 388 4058 milri
401 3995 503 4080 prima
516 3995 592 4062 mali
607 3995 715 4074 labes;
737 3994 807 4062 hinc
824 4016 946 4079 semper
962 3993 1093 4080 Ulysses
1156 4007 1162 4022 ·
