2890 5002
487 423 490 432 ¹
612 475 729 537 usur
748 477 797 538 ιιι

197 627 413 714 Cerdonisque
428 647 530 706 arces,
544 639 576 691 et
590 612 784 716 naribagum
800 627 999 716 Scylaceum.

197 733 285 798 Tum
299 728 411 818 procul
426 751 444 793 e
458 729 554 794 fluctu
568 729 736 796 Trinacria
749 731 1014 810 cernitur,AEtua:

201 837 248 902 Et
260 835 406 922 gemitum
421 833 578 921 ingentem
592 834 704 920 pelagi,
718 835 903 922 pulsataque
918 857 996 902 saxa
1184 845 1245 902 555

201 937 356 1005 Audimus
370 935 475 1024 longe,
485 937 665 1022 fractasque
681 937 722 1001 ad
738 936 842 1002 littora
856 958 968 1019 voces:

202 1040 435 1126 Exsultantque
450 1039 542 1121 vada,
557 1053 652 1126 atque
666 1055 743 1105 msto
758 1043 926 1106 miscentur
941 1063 1056 1108 arenae.

202 1145 249 1210 Et
262 1157 352 1230 pater
366 1143 539 1210 Anchises:
562 1144 716 1209 Nimirum
731 1145 801 1209 baec
816 1145 869 1210 illa
883 1145 1088 1234 Charybdis:

203 1248 279 1312 Hos
293 1246 438 1311 Helenus
452 1245 606 1332 scopulos,
621 1245 690 1311 haec
705 1267 783 1312 saxa
798 1247 967 1330 horrenda,
982 1249 1128 1314 canebat.

203 1349 473 1434 Eripitqosocii,
486 1353 667 1435 pariterque
682 1348 831 1436 insurgite
844 1353 951 1415 remis.
1186 1359 1248 1418 560

206 1453 308 1518 Haud
322 1450 421 1518 minis
437 1475 475 1518 ac
485 1454 565 1540 jussi
580 1453 715 1518 faciunt:
737 1454 917 1539 primusque
932 1453 1095 1520 rudentem

204 1557 365 1624 Contorsit
379 1556 475 1622 laevas
489 1579 616 1644 proram
632 1558 794 1624 Palinurus
808 1558 850 1623 ad
866 1558 966 1624 undas
975 1551 993 1640 ;'

204 1661 336 1726 Laevam
350 1675 464 1726 ctmcta
477 1661 591 1727 cohors
606 1662 700 1726 remis
714 1662 878 1747 ventisque
892 1663 1012 1748 petivit.

185 1817 188 1822 .
203 1763 361 1828 Tollimur
374 1765 406 1828 iu
421 1765 534 1830 coelum
548 1777 680 1829 curvato
693 1766 822 1852 gurgite,
838 1779 870 1830 et
884 1764 969 1830 idem

203 1865 370 1932 Subducta
384 1865 426 1932 ad
442 1867 557 1932 Manes
567 1867 644 1932 lmos
658 1865 828 1932 desidimus
842 1866 937 1932 undsi.
1186 1873 1246 1934 565

205 1969 274 2032 Ter
288 1967 410 2055 scopuli
424 1968 595 2034 clamorem
609 1971 690 2034 inter
705 1989 785 2033 cava
799 1989 876 2034 saxa
890 1967 1029 2050 deddreq

141 2150 144 2158 ,
205 2073 275 2138 Ter
288 2093 430 2159 spumam
445 2072 554 2138 elisam
568 2085 599 2136 et
613 2073 749 2138 rorantia
763 2072 896 2138 vidimus
910 2086 1006 2139 astra.

250 2175 375 2240 Interea
388 2175 486 2240 sessos
501 2188 610 2238 ventus
624 2196 697 2240 cum
710 2174 776 2238 sole
791 2173 936 2260 reliquit3

143 2267 146 2280 ⁸
208 2279 375 2365 Ignarique
390 2281 461 2358 viae,
476 2275 655 2363 Cyclopum
669 2276 836 2342 allabimur
850 2280 925 2341 oris.

207 2380 321 2446 Portus
335 2379 378 2444 ab
392 2399 522 2444 accessu
535 2390 699 2444 ventorum
718 2378 869 2458 immotus,
884 2395 916 2443 et
930 2380 1036 2466 ingens

207 2483 301 2568 Ipse3
323 2481 379 2546 sed
395 2479 550 2546 horrificis
560 2481 652 2567 juxta
667 2493 753 2544 tonat
768 2479 861 2544 AEtna
874 2481 982 2561 ruinis,

207 2584 432 2672 Interdumque
447 2597 546 2648 atram
560 2585 737 2670 prorumpit
751 2581 793 2646 ad
807 2582 927 2648 aetbera
942 2585 1067 2668 nubem,
1097 2593 1101 2604 ’

207 2688 351 2754 Turbine
366 2691 535 2754 fumantem
548 2687 651 2773 piceo,
666 2699 698 2750 et
711 2684 866 2752 candente
881 2685 1006 2768 favillis3

207 2792 393 2878 Attollitque
405 2790 517 2879 globos
531 2790 734 2870 flammarum,
750 2801 781 2853 et
795 2787 900 2854 sidera
914 2788 1043 2857 lambit:

206 2895 370 2962 Interdum
385 2895 529 2980 scopulos
544 2892 714 2978 avulsaque
729 2894 854 2957 viscera
867 2896 980 2958 montis

207 3001 315 3085 Erigit
328 3011 481 3078 eructans,
496 2997 727 3082 liquefactaque
741 3017 819 3062 saxa
833 2997 893 3061 sub
907 3017 1000 3062 auras

206 3102 296 3168 Cum
308 3103 421 3189 gemitu
435 3100 598 3188 glomerat,
612 3098 770 3185 fundoque
785 3114 936 3165 exastuat
950 3103 1022 3166 imo.

208 3205 312 3271 Fama
325 3218 373 3270 est
387 3204 541 3272 Enceladi
555 3205 732 3268 semiustum
747 3203 875 3268 fulmine
889 3225 1005 3290 corpus

208 3309 329 3396 Urgeri
342 3309 425 3375 mole
440 3307 511 3389 hac,
525 3309 741 3393 ingentemque
755 3307 881 3391 insuper
896 3306 1018 3372 AEtnam

205 3413 391 3498 impositam
406 3413 504 3498 ruptis
518 3411 675 3476 flammam
690 3412 853 3496 exspirare
867 3411 1017 3492 caminis;

205 3519 263 3598 Et,
277 3521 392 3584 fessum
407 3520 527 3605 quoties
541 3532 638 3583 mutet
652 3518 742 3598 latus,
757 3519 924 3582 intremere
938 3507 1060 3605 omnem

205 3621 375 3688 Murmure
389 3620 598 3702 Trinacriam,
613 3633 644 3686 et
657 3620 771 3686 coelum
786 3619 954 3685 subtexere
968 3623 1063 3688 sumo.

206 3827 423 3910 Perserimus3
443 3849 514 3910 uec,
528 3849 598 3914 quse
613 3827 813 3894 souitum'det
827 3849 930 3908 causa,
946 3828 1109 3897 videmus:

202 3930 296 3997 Nam
310 3951 412 4016 neque
427 3946 516 3997 erant
530 3946 684 3998 astrorum
698 3933 794 4018 ignea,
808 3953 867 4004 nec
883 3930 1002 3998 lucidus
1017 3935 1128 4001 aethrs·
1192 3947 1252 4012 585

203 4032 345 4100 Siderei
359 4035 470 4122 polus3
490 4037 625 4110 obscuro
640 4035 696 4102 sed
711 4033 817 4100 nubila
832 4033 933 4116 coelo;

201 4137 252 4208 E:
269 4136 375 4204 lunam
389 4141 423 4206 io
437 4140 544 4207 nimbo
557 4163 621 4208 nox
635 4141 819 4225 intempesta
835 4139 971 4206 tenebat.
