2890 5002
601 489 716 551 LIBER
736 491 770 551 ll.

183 637 307 704 Extulit
323 659 362 702 ae
378 635 471 702 lateri
486 635 600 723 capulo
615 652 702 703 tenus
718 637 842 704 abdidit
856 663 971 706 ensem.

187 745 267 808 Hac
283 743 353 808 finis
370 741 487 806 Priami
503 743 653 822 latorum3
675 743 727 807 hie
743 747 844 809 exitus
858 743 945 809 illurn

186 849 278 910 Sorte
293 846 372 927 tulit,
386 845 518 933 Trojam
533 849 692 911 incensam
707 860 738 910 et
752 847 900 935 prolapsa
915 848 1072 914 videntem
1159 858 1222 915 555

185 949 352 1036 Pergama,
367 961 411 1012 tot
426 947 584 1034 quondam
598 947 722 1034 populis
737 952 892 1034 terrisque
906 951 1071 1037 superbum

185 1049 400 1137 Regnatorem
415 1053 508 1114 Asia.
530 1049 624 1113 Jacet
638 1054 749 1137 ingens
765 1050 867 1115 littore
883 1059 1019 1132 truncus,

188 1154 402 1240 Avulsumque
418 1154 555 1219 humeris
570 1167 676 1240 caput,
690 1168 721 1218 et
736 1159 803 1219 sine
818 1139 942 1220 nomine
957 1177 1081 1241 corpus.

231 1265 273 1326 At
286 1285 336 1327 me
351 1276 417 1326 tum
429 1259 564 1348 primirm
578 1283 677 1326 saevus
691 1265 896 1327 circumstetit
911 1263 1042 1328 horror:

184 1366 361 1452 Obstupui:
384 1367 480 1430 subiit
494 1367 562 1430 cari
576 1367 725 1452 genitoris
739 1369 852 1451 imago,
1160 1372 1222 1433 560

189 1466 235 1532 Ut
249 1491 352 1555 regem
367 1486 540 1553 aequaevum
556 1467 679 1532 crudeli
692 1465 821 1531 vulnere
835 1467 901 1531 vidi

186 1569 298 1638 Vitam
315 1569 534 1650 exhalantem,
557 1569 652 1634 subiit
666 1569 791 1634 deserta
807 1569 938 1652 Creiisa,

186 1680 229 1744 Et
244 1680 502 1768 direptadomus,
517 1692 548 1744 et
562 1682 653 1764 parvi
669 1701 760 1743 casus
776 1677 845 1742 liili.

186 1782 349 1870 Respicio,
363 1798 394 1847 ct
409 1805 478 1869 quae
493 1786 534 1846 sit
547 1804 598 1846 me
612 1785 839 1882 circumpcopia
851 1780 957 1846 lustro.

184 1883 365 1952 Deseruere
380 1907 487 1949 omnes
502 1883 627 1965 defessi,
642 1897 672 1948 et
687 1906 820 1970 corpora
835 1849 916 1949 laltu
932 1943 936 1962 ,
1158 1891 1220 1951 565

183 1988 239 2054 Ad
252 2001 368 2053 terram
382 1987 507 2067 misire,
522 2001 574 2051 aut
590 1988 712 2074 ignibus
727 2009 811 2074 aegra
820 1967 956 2052 'dedit-e.

228 2090 362 2176 Jamque
378 2088 459 2153 aded
474 2111 568 2174 super
582 2111 660 2153 unus
676 2111 783 2169 eram,
805 2110 899 2174 quum
915 2089 1023 2154 limina
1037 2090 1152 2156 Veste.

184 2197 369 2258 Servantem
385 2205 417 2257 et
430 2197 558 2256 tacitam
573 2193 694 2257 secreta
709 2197 741 2258 in
756 2191 831 2258 sede
847 2193 993 2260 latentem

183 2295 375 2382 Tyndarida
390 2293 532 2380 adspicio
541 2318 561 2382 ε,
572 2295 647 2360 dant
661 2293 749 2360 clara'
765 2297 910 2360 incendia
925 2296 1027 2362 lucem

184 2399 322 2478 Erranti
336 2401 515 2485 passimque
530 2398 638 2463 oculos
652 2421 710 2485 per
724 2413 837 2463 cuncta
852 2400 975 2463 ferenti.
1158 2407 1220 2466 570

188 2501 249 2568 llla
264 2503 324 2566 sibi
339 2504 465 2566 infestos
481 2522 592 2566 eversa
607 2501 650 2564 ob
666 2500 819 2587 Pergama
833 2501 985 2580 Teucros,

185 2607 231 2672 Et
245 2625 353 2692 poenas
366 2603 523 2683 Danaum
537 2615 569 2667 et
584 2602 701 2666 deserti
716 2603 857 2687 conjugis
872 2604 945 2682 iras,

183 2708 406 2789 Praemetuens,
421 2709 525 2795 Trojae
541 2721 572 2772 et
586 2709 697 2793 patriae
714 2709 888 2770 communis
904 2705 1052 2792 ErinnyS,

182 2810 365 2876 Abdiderat
379 2833 459 2889 sese,
474 2824 568 2895 atque
584 2811 647 2873 aris
662 2812 765 2874 invisa
779 2806 943 2892 sedebat}

182 2913 347 2980 Exarsere
361 2917 449 3001 ignes
463 2917 586 2991 anim03
608 2912 691 2976 subit
705 2914 753 2976 ira
768 2909 933 2975 cadentem
1159 2920 1221 2978 575

184 3015 311 3081 Ulcisei
323 3017 468 3102 patriam,
483 3013 699 3104 abaceleratas
714 3035 972 3114 sumerexpoenas.

182 3119 317 3185 Scilicet
331 3120 395 3185 hacc
412 3121 558 3206 Spartam
572 3116 737 3182 incolumis
751 3120 933 3204 patriasque
946 3117 1100 3203 Mycenas

181 3222 359 3308 Adspiciat,
372 3235 525 3308 partoque
540 3219 600 3284 ibit
613 3221 722 3306 regina
731 3217 915 3307 ¹priumphol

181 3325 446 3414 Coniugiumne,
460 3324 658 3408 domumque,
671 3337 787 3408 patres,
802 3333 963 3406 natosque,
978 3321 1108 3404 videbit,

184 3427 321 3494 iliadum
336 3427 429 3494 rurba
443 3441 474 3492 et
490 3427 640 3512 Phrygiis
655 3427 804 3489 comitata
818 3426 990 3487 ministris?
1158 3435 1221 3494 580

180 3531 350 3598 Occiderit
364 3531 448 3596 ferro
464 3527 628 3594 Priamus?
649 3525 747 3614 Troja
762 3529 875 3591 arserit
889 3528 975 3613 ignil
1139 3515 1141 3518 ⁵

181 3631 386 3700 Dardanium
400 3636 492 3696 toties
507 3629 627 3695 sudarit
641 3631 790 3715 sanguine
806 3627 911 3692 littusl

182 3735 261 3802 Nou
275 3737 330 3814 ita,
344 3754 478 3817 namque
493 3734 552 3796 etsi
566 3727 684 3795 nullum
697 3725 902 3794 memorabile
917 3745 1030 3795 nomen

182 3837 349 3904 Foemiueal
364 3841 396 3902 in
410 3836 504 3922 poena
519 3847 575 3915 est,
588 3855 647 3899 nec
663 3831 761 3898 habet
773 3834 908 3897 victoria
922 3831 1058 3917 laudem,

179 3941 369 4008 Extinxisse
383 3939 472 4002 nefas
486 3949 600 4017 tamen,
615 3949 646 4000 et
660 3937 827 4020 sumpsisse
842 3938 990 4020 merensp
1160 3947 1221 4006 585

178 4039 362 4108 Laudabor
374 4051 503 4126 poenas3
525 4043 722 4124 animumque
738 4035 882 4124 explesse
892 4038 1018 4124 juvabit

182 4143 321 4210 Ultricis
337 4141 479 4223 flammae,
494 4155 526 4207 et
540 4145 662 4207 cineres
672 4139 810 4252 ⁸satiasse
823 4161 974 4283 paurum.
