2648 5288
515 748 671 819 1³⁰.th
689 747 739 808 vt

456 1101 696 1186 ECLOGA
721 1098 797 1182 vl.

552 1390 702 1441 strenus.

143 1529 256 1596 Pntrts
269 1528 432 1616 Syracuse
445 1529 570 1612 dignata
584 1540 632 1592 est
645 1527 754 1593 ludere
768 1547 859 1591 versu

146 1637 266 1714 Nostro,
280 1657 380 1722 neque
396 1635 517 1700 erubuit
529 1633 620 1700 silvas
633 1633 780 1710 habitare,
796 1628 919 1697 Thalia.

148 1739 249 1816 Quum
264 1760 408 1806 canerem
423 1760 513 1824 reges
523 1753 556 1803 et
569 1737 687 1823 proelio,
703 1734 854 1821 Cynthius
869 1755 974 1801 aurem

144 1845 247 1927 vellit,
262 1861 293 1912 et
307 1846 485 1911 admonuit:
509 1849 529 1880 “
539 1842 711 1921 Pastorem,
726 1840 847 1928 Tityre,
862 1842 991 1926 pingues

144 1959 165 1989 “
174 1951 310 2017 Poscere
325 1965 445 2037 oportet
459 1971 543 2031 ores,
560 1948 727 2014 deductum
742 1948 846 2013 dicere
862 1943 1018 2011 carmen.'’
1143 1949 1163 2007 t

144 2058 236 2122 Nunc
253 2077 311 2143 ego
327 2053 474 2142 (namque
487 2075 579 2140 super
590 2054 644 2118 tibi
659 2067 747 2118 eruut
762 2052 813 2137 qui
828 2051 932 2116 dicere
948 2050 1066 2128 laudes,

144 2160 238 2242 vare,
253 2179 321 2230 tuas
330 2163 465 2248 cupient,
480 2175 511 2226 et
526 2161 621 2225 tristia
635 2158 768 2225 condere
783 2156 879 2245 bella)

144 2271 308 2355 Agrestem
322 2269 405 2332 tenui
420 2267 590 2331 meditabor
606 2264 751 2329 arundine
763 2284 891 2329 musam.

144 2373 217 2439 Non
232 2373 344 2459 injussa
359 2363 447 2438 cano.
495 2368 529 2434 st
545 2368 612 2453 quis
627 2381 727 2433 tamen
743 2369 808 2431 haec
824 2386 956 2453 quoque,
972 2364 996 2429 si
1012 2365 1079 2449 quis

144 2475 263 2563 Captus
278 2498 382 2542 amore
397 2477 489 2562 leget,
505 2487 536 2538 te
551 2485 670 2549 nostre,
684 2469 781 2551 Vere,
796 2473 930 2555 myrice,
1125 2470 1165 2530 tu

144 2582 194 2648 Te
209 2605 318 2647 nemus
331 2604 422 2646 omne
437 2594 550 2646 canet:
571 2599 630 2643 uec
646 2574 766 2642 Phoebo
781 2577 894 2663 gratior
908 2576 969 2641 ulla
983 2589 1030 2640 est

146 2689 248 2765 Quam
264 2689 319 2751 sibi
336 2709 401 2771 qus
418 2683 491 2751 Vari
506 2685 688 2771 prescripsit
701 2685 945 2769 paginunomeu.

190 2795 322 2879 Pergus,
339 2793 490 2857 Pierides.
527 2789 671 2855 Chromis
687 2803 718 2853 et
732 2787 889 2871 Mnasylus
904 2789 933 2850 in
950 2802 1034 2852 antro

149 2900 285 2964 Silenum
294 2900 383 2983 pueri
399 2919 503 2962 somno
517 2894 623 2960 videre
634 2894 802 2979 jacentem,

148 3005 285 3069 Inflatum
300 3004 442 3067 hesterno
456 3022 560 3079 venas,
573 3015 606 3063 ut
621 3017 753 3082 semper,
769 2995 904 3060 Iaccho:

146 3112 236 3174 Serta
250 3109 358 3195 procul
372 3107 485 3172 tanttlm
502 3106 593 3192 capiti
606 3103 894 3189 delapsnjacebant,

145 3214 189 3279 Et
204 3217 303 3300 gravis
317 3212 416 3278 attriti
430 3213 583 3298 pendebat
597 3211 758 3275 cantharus
774 3205 857 3272 ansis.

144 3321 289 3406 Aggressi
303 3318 387 3404 (nam
397 3317 475 3402 sepe
492 3338 587 3382 senex
603 3338 657 3401 spe
670 3314 811 3380 carminis
827 3312 915 3377 ambo

146 3426 292 3511 Luserat)
309 3424 443 3510 injiciunt
457 3427 529 3511 ipsis
543 3447 584 3488 ex
599 3422 719 3486 vincula
740 3420 837 3485 sertis.

145 3536 243 3602 Addit
256 3561 291 3603 se
307 3538 432 3613 sociam,
447 3533 619 3616 timidisque
635 3528 808 3614 supervenit
822 3525 924 3611 AEgle,

145 3648 250 3730 AEgle,
266 3642 421 3709 Naiadum
431 3636 656 3724 pulcherrima3
674 3634 799 3719 jamque
815 3632 928 3696 videnti
1050 3706 1054 3714 ἱ

147 3751 329 3836 Sanguineis
352 3747 480 3811 frontem
496 3742 587 3806 moris
602 3755 633 3804 et
648 3756 784 3823 tempora
799 3735 902 3821 pingit.

146 3860 203 3924 llle
219 3859 321 3922 dolum
337 3853 449 3930 ridens,
465 3847 539 3924 Quo
554 3845 672 3910 vincula
692 3841 836 3907 nectitis?
859 3840 975 3924 inquit:

149 3967 265 4031 Solvite
280 3984 342 4039 me,
357 3956 464 4045 pueri3
487 3953 558 4019 satis
573 3966 619 4016 est
634 3951 765 4036 potuisse
781 3946 888 4010 videri.

147 4072 305 4146 Carmina,
322 4088 387 4153 qun
403 4062 501 4138 vultis,
516 4058 689 4143 cognoscite
705 4077 712 4116 :
735 4054 870 4120 carmina
883 4050 990 4129 vobis;
1121 4052 1163 4109 25

148 4179 232 4244 Huic
247 4177 329 4242 aliud
344 4170 496 4238 mercedis
510 4168 576 4232 erit.
601 4163 699 4227 Simul
714 4161 816 4246 incipit
828 4160 903 4243 ipse.

149 4286 233 4349 Turn
245 4281 318 4346 vero
330 4282 530 4345 innumerum
543 4270 726 4353 Faunosque
742 4266 883 4349 serasque
894 4262 1014 4326 videres

150 4389 287 4466 Ludere,
301 4402 365 4451 tum
380 4383 491 4468 rigidas
505 4393 620 4444 motare
636 4373 795 4440 cacumina
810 4387 962 4454 quercus:

149 4495 221 4561 Nec
237 4493 349 4559 mutium
364 4489 486 4556 Phoebo
500 4485 613 4571 gaudet
628 4479 789 4546 Parnassia
804 4495 905 4561 rupes,
