2756 5010
237 445 292 502 178
676 437 866 500 AENEIDOS

277 597 346 664 Nec
360 617 454 686 super
468 600 535 686 ipsc
549 597 602 664 tut
615 597 733 663 moliris
747 595 841 664 laude
856 593 1017 679 laborem

279 704 450 766 Ascanium
464 705 639 789 surgentem
653 713 686 766 et
700 719 772 786 spes
785 698 921 765 haeredls
935 701 994 766 tuti

279 804 424 892 Respice,
439 809 634 893 cuiregnum
649 803 747 870 lteliae
762 803 969 891 Romanaque
983 801 1074 872 tellus
1245 807 1290 870 275

202 973 205 982 ,
279 909 455 987 Debentur.
499 909 572 975 Tali
587 907 754 996 Cyllenius
768 927 824 974 ure
838 907 959 974 locutus

279 1013 431 1078 Mortales
444 1015 528 1079 visus
542 1012 647 1080 medio
660 1031 805 1078 sermone
819 1011 955 1098 reliquit,

279 1117 320 1184 Et
333 1118 444 1204 procul
458 1117 491 1184 in
505 1131 630 1186 tenuem
646 1137 687 1182 ex
700 1115 799 1182 oculis
814 1119 941 1182 evanuit
954 1135 1074 1182 auram.

322 1223 364 1285 At
378 1220 455 1288 verd
469 1219 584 1286 AEneee
598 1219 752 1305 adspectu
765 1221 918 1286 obmutuit
935 1239 1061 1300 ameus3

277 1325 482 1408 Arrectaequc
496 1321 628 1388 horrore
642 1339 750 1400 comte,
765 1333 797 1386 et
811 1341 874 1386 uox
889 1321 1031 1388 faucibus
1044 1319 1145 1388 hesit.
1227 1323 1292 1382 ets

278 1425 379 1490 Ardet
393 1427 481 1491 abire
495 1424 577 1512 tuga,
592 1421 763 1508 dulcesque
776 1424 954 1511 relinquere
969 1437 1079 1512 terras,

278 1528 432 1592 Attonitus
447 1539 532 1594 tanto
546 1528 664 1592 monitu
678 1528 873 1612 imperioque
887 1527 1029 1592 deorum.

278 1631 354 1696 Heu
365 1633 384 1692 l·
395 1629 470 1715 quid
485 1635 580 1716 agat?
601 1651 663 1716 quo
677 1650 759 1696 nunc
775 1631 915 1716 reginam
929 1629 1049 1694 ambire
1063 1629 1214 1694 furentem

278 1731 403 1796 Audeat
418 1730 535 1797 affatui
556 1753 626 1818 quae
641 1733 743 1818 prima
758 1731 889 1798 exordia
903 1735 1026 1796 sumet?

277 1836 381 1918 Atque
396 1837 532 1900 animum
545 1855 627 1898 nunc
642 1833 703 1897 huc
718 1834 865 1914 celerem,
880 1851 961 1898 nunc
975 1833 1088 1899 dividit
1102 1825 1185 1916 illud
1245 1833 1292 1894 stt

278 1937 314 2000 ln
328 1947 497 2020 partesque
511 1933 594 2019 'repit
608 1936 724 2013 varias,
738 1953 858 2020 perque
873 1939 978 1999 omnia
988 1948 1111 2002 'versat-

277 2040 360 2104 Haec
375 2037 542 2104 alternanti
555 2041 660 2122 potior
673 2039 825 2102 sententia
838 2041 909 2102 viss
923 2051 981 2104 est.

278 2141 454 2222 Mnesthea,
468 2141 711 2226 Sergestumque
725 2153 826 2220 vocat,
841 2141 1015 2227 sortemque
1028 2139 1233 2222 Cleanthm

277 2247 420 2313 Classem
434 2257 542 2330 aptent
556 2243 651 2322 taciti,
666 2246 768 2307 socios
782 2242 824 2311 ad
839 2241 944 2310 littore
958 2257 1079 2333 cogant,

277 2351 375 2417 Arma
389 2361 510 2437 parent,
525 2361 642 2434 etque
657 2347 697 2412 sit
709 2347 805 2412 rebus
819 2367 915 2412 causa
929 2347 1083 2414 novandis
1245 2347 1295 2409 990

276 2453 496 2520 Dissimulent:
519 2473 588 2518 sese
603 2451 733 2532 interea,
748 2450 873 2536 quando
887 2452 1005 2538 optima
1017 2451 1103 2518 Dido

275 2560 416 2642 Nesciat,
429 2572 461 2624 et
474 2571 577 2624 tantus
591 2557 694 2643 rumpi
707 2579 770 2622 nun
784 2569 889 2641 speret
903 2575 1035 2638 amores,

276 2663 481 2728 Tentetururu
495 2659 607 2740 aditus,
621 2672 653 2724 et
666 2678 738 2745 quse
752 2657 933 2724 mollissima
946 2657 1033 2723 sandi

257 2751 260 2766 ¹
275 2771 444 2858 Tempora,
459 2770 528 2856 quis
541 2765 638 2834 rebus
650 2765 766 2832 dexter
779 2765 901 2832 modus.
944 2763 1042 2831 Ocius
1055 2785 1163 2833 omnes

275 2872 488 2962 imperiolaeti
501 2881 623 2956 petent,
639 2869 959 2952 acjussasacessunc
1248 2871 1298 2932 29⁵

317 2980 360 3040 At
372 2975 480 3059 regina
494 2967 584 3035 dolos
596 2968 680 3053 (quie
694 2967 805 3036 lallere
818 2972 917 3056 poscit
931 2985 1086 3038 ammtem
1096 2973 1131 3058 l)

275 3077 453 3153 Praesensit
466 3083 628 3156 motusque
642 3074 770 3158 excepit
784 3075 886 3159 prima
899 3074 1029 3156 futuros,

271 3179 389 3246 Omnia
401 3189 467 3242 tuta
480 3179 609 3240 timens:
632 3173 744 3240 eadem
759 3175 853 3262 impis
867 3177 966 3244 Fama
981 3179 1093 3244 intenti

275 3279 399 3348 Detulit
412 3280 528 3344 armari
542 3277 686 3359 classem,
698 3297 887 3363 cursumque
900 3282 1020 3366 parari.

277 3385 373 3450 Saevit
387 3385 478 3469 inops
492 3381 596 3463 animi,
610 3394 768 3466 totamque
783 3380 911 3448 incerna
925 3404 983 3470 per
997 3383 1108 3450 urbem
1250 3379 1304 3444 ³00

277 3488 477 3554 Bacchatur:
499 3484 602 3572 qualis
616 3486 777 3552 commutis
792 3487 897 3552 excitu
909 3492 1011 3554 sacris

276 3589 409 3676 Thyias,
422 3589 479 3656 ubi
491 3587 602 3654 audito
614 3587 772 3654 stimulant
786 3591 947 3655 trieterica
961 3587 1091 3656 Baccho

276 3693 383 3779 Orgia,
396 3704 627 3779 nocturnusque
641 3705 735 3758 vocat
747 3693 886 3760 clamore
899 3693 1072 3760 Citheron.

275 3797 420 3888 Tandem
435 3797 483 3864 his
498 3797 619 3864 AErrean
631 3798 802 3887 compellat
816 3801 947 3866 vocibus
962 3800 1064 3866 ultro:

319 3898 527 3966 Dissimulare
541 3904 637 3970 etiem
650 3899 793 3988 sperdsti
807 3903 937 3989 perfide,
952 3917 1069 3971 tantun
1251 3907 1307 3968 805

278 4006 372 4070 Posse
387 4003 484 4084 netas,
498 4005 671 4090 tacitusque
685 4005 755 4072 med
769 4003 926 4072 decedere
940 4006 1061 4074 territi:

276 4105 345 4172 Nec
360 4118 390 4170 te
403 4117 508 4172 noster
522 4128 619 4188 amor,
633 4129 692 4174 uec
706 4121 738 4174 te
752 4107 828 4174 deta
840 4107 975 4178 dextera
989 4109 1156 4197 quondam,
