2792 4998
183 457 259 514 mrx
579 419 584 424 ’
631 455 820 516 murrone

226 611 354 678 Arcada
365 639 373 692 ;
383 671 385 678 ,
395 615 526 700 piscosae
541 616 593 677 cui
608 616 728 684 circum
743 612 869 677 flumina
884 612 998 680 Lernae

225 718 287 781 Ars
302 719 413 798 luerat,
427 737 612 803 pauperque
626 715 757 797 domus,
778 738 837 782 nec
852 729 926 782 nota
939 720 1101 804 potentium

222 817 349 887 Limina
362 847 371 900 3
393 820 611 906 conductaque
626 834 717 907 pater
731 819 841 886 tellure
857 822 995 886 serebat.

225 927 274 989 Ac
289 925 374 990 velut
388 925 517 989 immissi
530 924 662 989 dirersis
679 926 821 1010 partibus
836 929 925 1012 ignes

224 1029 374 1092 Arentem
389 1031 421 1092 in
437 1027 546 1092 silvam
561 1040 592 1090 et
606 1026 739 1112 virgulta
754 1028 896 1092 sonantia
911 1027 1020 1108 lauro,

224 1130 287 1193 Aut
302 1129 355 1194 ubi
370 1128 505 1193 decursu
518 1127 631 1214 rapido
646 1128 686 1192 de
702 1117 857 1192 montibus
872 1128 945 1193 altis

223 1230 311 1298 Dant
324 1233 458 1298 sonitum
473 1235 609 1319 spumosi
625 1251 741 1312 amnes,
756 1244 787 1296 et
801 1232 832 1296 in
848 1254 976 1318 aequora
987 1247 1127 1314 currunt,

221 1335 365 1422 Quisque
380 1359 468 1402 suum
484 1335 649 1424 populatus
664 1337 738 1400 iter:
761 1358 823 1400 non
839 1334 961 1422 segnius
977 1336 1069 1400 ambo

224 1439 339 1505 AEneas
352 1441 540 1526 Turnusque
555 1453 647 1504 ruunt
661 1461 719 1524 per
732 1437 845 1525 proelia
859 1463 868 1502 ε
892 1459 983 1520 nunc,
997 1459 1079 1504 nunc

223 1541 368 1606 Fluctuat
383 1547 431 1607 ira
446 1543 546 1622 intus3
568 1553 751 1628 rumpuntur
765 1545 872 1606 nescia
886 1545 972 1606 vinci

224 1643 376 1725 Pectora;
398 1666 480 1710 nunc
496 1645 566 1710 totis
582 1648 613 1708 in
628 1643 758 1709 vulnera
773 1644 893 1708 viribus
907 1646 981 1708 itur.

222 1747 405 1813 Murranum
420 1747 483 1828 hic,
498 1760 607 1812 atavos
622 1760 653 1811 et
668 1765 798 1812 avorum
812 1749 941 1830 antiqua
956 1757 1117 1811 sonantem

220 1851 365 1930 Nomina,
379 1873 437 1937 per
451 1873 604 1937 regesque
620 1862 723 1914 actum
737 1871 832 1936 genus
847 1870 939 1913 omne
954 1849 1092 1929 Latinos,

221 1955 418 2041 Praecipitem
434 1954 563 2039 scopulo
578 1967 672 2038 atque
687 1954 819 2038 ingentis
835 1951 960 2016 turbine
978 1950 1047 2015 saxi

222 2055 360 2137 Excutit,
374 2053 566 2141 effunditque
581 2055 665 2118 solo:
689 2053 771 2119 hunc
787 2053 854 2117 lora
870 2065 900 2117 et
910 2054 987 2139 juga
1002 2051 1110 2121 subter

223 2159 413 2225 Provolvire
424 2171 510 2240 rotae,
526 2159 640 2224 crebro
654 2159 749 2243 super
764 2157 877 2244 ungula
891 2155 983 2242 pulsu

221 2265 320 2331 incita
333 2286 391 2329 nec
406 2263 525 2328 domini
540 2283 710 2327 memorum
725 2259 888 2348 proculcat
903 2280 1063 2345 equorum.

217 2369 278 2434 ille
293 2371 394 2433 ruenti
410 2365 512 2453 Hyllo
528 2366 700 2450 animisque
715 2365 851 2431 immane
865 2363 1009 2429 frementi

218 2471 375 2551 Occurrit,
390 2469 547 2554 telumque
562 2479 672 2532 aurata
687 2466 728 2532 ad
743 2481 883 2553 tempora
899 2479 1041 2551 torquet:

215 2570 284 2638 Olli
297 2595 355 2659 per
369 2569 492 2659 galeam
507 2571 569 2636 lixo
584 2574 668 2634 stetit
684 2569 775 2634 hasta
787 2569 933 2634 cerebro.

217 2677 362 2741 Dextera
378 2696 436 2739 nec
451 2687 504 2737 tua
518 2687 559 2753 te,
573 2671 702 2736 Graitim
718 2671 893 2751 fortissime,
908 2671 1033 2752 Creten,

219 2779 342 2865 Eripuit
356 2778 474 2842 Turno.
519 2776 586 2839 Nec
602 2775 637 2839 di
650 2773 759 2839 texere
775 2774 968 2860 Cupencum,

213 2883 321 2948 AEnea
334 2882 488 2959 veniente,
503 2877 567 2942 sui:
589 2878 676 2942 dedit
690 2880 785 2944 obvia
800 2880 885 2944 ferro

219 2987 372 3064 Pectora;
393 3006 453 3048 nec
468 2985 583 3046 misero
598 2980 705 3070 clypei
721 2983 808 3048 mora
822 2985 938 3070 proluit
952 2985 1038 3050 terei.

213 3090 266 3154 Te
282 3109 405 3173 quoque
421 3087 594 3150 Laurentes
608 3086 763 3167 viderunt,
779 3087 877 3168 AEole,
892 3091 996 3174 campi

211 3193 386 3278 Oppetere,
401 3203 431 3255 et
446 3188 509 3254 latri
525 3201 640 3256 terram
655 3204 853 3256 consternere
868 3205 974 3278 tergo:

210 3295 356 3376 Occidis,
372 3296 495 3380 Argiva
512 3315 603 3380 quem
619 3315 679 3358 non
694 3294 825 3380 potuere
840 3294 1013 3382 phalanges

212 3403 371 3478 Sternere,
386 3419 444 3462 nec
461 3397 576 3460 Priami
591 3418 757 3481 regnorum
770 3419 899 3462 eversor
912 3395 1072 3477 Achilles,

215 3505 282 3570 Hic
297 3503 353 3566 tibi
369 3503 476 3565 mortis
492 3513 582 3565 erant
596 3513 703 3564 metm:
726 3501 836 3566 domus
851 3499 915 3566 alta
929 3502 987 3566 sub
1003 3501 1068 3581 tua,

212 3609 365 3695 Lyrnessi
380 3604 490 3668 domus
506 3604 592 3684 alta3
614 3604 682 3669 solo
695 3606 854 3670 Laurente
869 3604 1055 3690 sepulcrum.

207 3713 301 3778 Totae
316 3706 397 3774 adeo
411 3727 571 3772 conversae
586 3711 680 3787 aeieS,
693 3729 862 3792 omnesque
878 3707 993 3787 Latini,

207 3817 329 3881 Omnes
343 3809 546 3892 Dardanidae,
562 3811 752 3892 Mnestheus,
767 3833 904 3896 acerque
919 3813 1070 3891 Serestus,

210 3917 251 3982 Et
267 3917 430 4000 Messapus
445 3913 561 3996 equtim
576 3913 719 3995 domitor,
734 3927 765 3978 et
780 3915 867 3980 sortis
883 3915 1009 4001 Asylas,
1197 3929 1275 3989 550

206 4020 445 4100 Tuscorumque
461 4014 609 4100 phalanx,
622 4014 825 4101 Evandrique
841 4017 983 4082 Arcades
998 4015 1074 4080 alae:

206 4121 269 4185 Pro
284 4143 317 4186 se
333 4121 464 4205 quisque
479 4119 539 4183 viri
553 4118 672 4184 summit
686 4119 824 4184 nituntur
837 4123 989 4206 opumri·
