2756 5010
510 431 627 496 nmen
645 433 682 494 V.

104 593 272 673 omisere,
286 611 365 679 quas
379 613 441 662 non
450 613 575 674 manus,
590 598 700 681 iuquit,
715 595 859 662 Achaica
873 595 959 662 bello

102 693 246 763 Traxerit
260 696 301 762 ad
317 696 422 778 letum,
436 701 548 783 patriae
564 699 623 764 sub
637 700 812 766 moenibus!
834 721 944 788 ogeos
992 759 993 764 ,
1010 723 1013 731 ‘

102 799 219 880 Infelix,
233 803 284 866 cui
300 813 331 866 te
346 803 445 866 exitio
459 801 583 866 fortuna
596 804 757 868 reservat!
1071 807 1135 866 625

105 903 234 990 Septima
247 918 319 991 post
334 904 440 992 troje
456 902 617 972 excidium
627 905 695 991 jam
709 908 843 970 vertitur
857 915 959 985 estas,

103 1007 198 1089 Quum
212 1009 302 1089 freta,
317 1029 412 1100 quum
427 1020 530 1072 terras
543 1028 662 1088 omues,
678 1020 723 1072 tot
736 1006 996 1092 inhospitasaxa,

104 1109 279 1196 Sideraque,
293 1131 430 1178 emensae
444 1111 575 1178 ferimur
585 1137 603 1196 3,
616 1109 690 1176 dum
705 1133 764 1196 per
778 1132 865 1176 mare
879 1129 1025 1196 magnum

105 1211 217 1277 ltaliam
231 1213 391 1298 sequimur
405 1213 583 1300 fugientem,
598 1226 631 1278 et
643 1211 799 1278 volvimur
816 1210 920 1278 undis.

103 1315 163 1380 llic
178 1317 292 1403 Erycis
308 1317 385 1382 fines
398 1317 541 1397 fraterni,
554 1329 650 1402 atque
664 1316 779 1402 nospes
794 1319 947 1382 Acestesz
1064 1319 1133 1380 630

105 1419 180 1500 Quid
192 1420 339 1505 pmhibet
353 1443 457 1486 muros
467 1422 589 1508 jacere,
604 1433 635 1486 et
649 1419 727 1486 dure
742 1421 867 1486 civibus
882 1420 1018 1486 urbem?

105 1521 258 1608 Opatria!
282 1537 313 1591 et
327 1525 409 1610 rapti
423 1524 637 1610 nequidquam
651 1547 693 1590 ex
708 1525 796 1592 hoste
811 1525 963 1592 Penates!

105 1619 227 1690 Nullane
236 1627 305 1712 jam
319 1626 427 1713 troje
441 1625 586 1692 dicentur
599 1629 736 1694 moenia?
756 1646 911 1712 nusquam

104 1725 269 1794 Hectoreos
284 1749 404 1809 amnes
418 1728 579 1794 Xanthum
593 1743 624 1794 et
639 1731 810 1812 Simoenta,
823 1728 941 1796 videbo
955 1733 968 1792 f

103 1827 176 1910 Quin
191 1834 282 1917 agite,
297 1844 328 1896 et
343 1853 465 1896 mecum
479 1831 630 1898 nicusus
645 1836 768 1900 exurite
782 1853 915 1920 puppes.
1066 1837 1128 1896 6³5

104 1929 176 1998 nam
188 1934 264 2000 milu'
279 1932 468 2002 Cassandra
482 1956 540 2020 per
554 1957 695 2001 somnum
710 1939 792 2000 vatis
811 1938 916 2021 imago

104 2035 246 2102 Ardentes
259 2037 339 2104 dare
353 2041 422 2102 visa
435 2037 542 2102 faces:
565 2038 633 2102 Hic
649 2041 780 2123 quarite
795 2037 937 2124 Trojarn,

103 2134 163 2203 Hic
175 2139 281 2206 domm
296 2153 355 2220 est,
366 2143 478 2225 inquit,
492 2140 596 2206 vobis.
639 2141 712 2206 Jam
727 2153 848 2226 tempus
863 2136 1000 2224 egfres3

104 2237 164 2304 Nee
177 2244 266 2307 tantis
281 2263 371 2308 mora
385 2241 558 2328 prodigiis:
581 2263 621 2308 cn
636 2254 770 2326 quatuor
785 2261 848 2306 arm

102 2339 255 2428 Neptun03
275 2343 355 2410 deus
369 2348 438 2432 ipse
451 2345 539 2410 faces
554 2348 755 2431 animumque
769 2344 933 2410 ministrat.
1065 2347 1127 2404 640

138 2447 215 2512 llaec
228 2471 415 2531 memorans,
428 2449 531 2535 prima
545 2449 698 2516 iufcnmm
713 2451 745 2512 vi
759 2449 891 2533 corripit
904 2450 1028 2532 ignem3

103 2547 278 2639 satiataque
292 2551 405 2639 procul
419 2551 534 2627 dextris
547 2554 685 2618 connixa
699 2561 854 2629 coruscat,
892 2587 894 2592 ·

102 2649 136 2716 lit
143 2655 229 2740 jacit.
271 2659 415 2722 Arrectoe
429 2671 549 2724 mentes
563 2656 802 2742 stupefactaque
816 2651 915 2720 corda

102 2751 232 2824 lliadum.
276 2759 343 2824 Hic
357 2781 421 2824 una
435 2781 453 2824 e
468 2759 581 2839 multis,
595 2777 666 2844 quas
680 2759 918 2836 marimanam,

100 2852 203 2946 Pyr-go,
220 2874 263 2926 tot
277 2862 395 2926 Priami
410 2874 553 2928 natorum
567 2865 656 2948 regia
669 2864 794 2926 nutrix:
882 2929 885 2936 Δ
1063 2863 1141 2952 645Ι

100 2955 162 3025 llon
175 2963 276 3029 Berod
291 2965 393 3046 vobis,
407 2987 470 3032 uon
484 2965 554 3032 lraec
570 2964 728 3046 Rhoeteia,
743 2979 869 3046 matres,

100 3059 147 3126 llst
158 3063 292 3154 Dorycli
306 3068 442 3154 conjux:
465 3067 565 3135 divini
578 3072 667 3154 signa
682 3067 807 3134 decoris

100 3165 304 3258 Ardentesque
318 3185 424 3239 notate
439 3171 566 3251 oculos3
588 3171 641 3257 qui
656 3172 781 3257 spiritus
796 3170 852 3254 itti,

98 3267 150 3350 Qui
162 3273 271 3356 nultus,
284 3278 414 3343 vocisve
427 3297 531 3356 matrs,
545 3273 597 3340 vel
610 3295 733 3362 gressm
748 3276 844 3340 eunti.

97 3369 160 3456 lpca
173 3393 294 3466 egomet
307 3377 427 3444 dudum
442 3379 567 3444 Bemiin
582 3376 724 3464 digressa
738 3375 852 3461 reliqui
1059 3382 1122 3442 650

97 3473 219 3563 Rerum,
232 3481 448 3570 indignantem
463 3479 518 3548 tali
533 3479 617 3566 qudd
632 3479 700 3546 sola
714 3492 838 3546 careret
863 3485 873 3502 ''

96 3575 223 3666 Munere,
237 3607 299 3652 nec
314 3587 443 3690 meritos
455 3583 603 3652 Anchises
617 3584 748 3650 inferret
761 3581 906 3648 honores.

95 3679 167 3750 Haec
180 3685 340 3764 effata-‘T
879 3745 884 3756 l

95 3785 130 3848 At
141 3803 263 3873 manes,
277 3789 383 3877 primo
396 3795 559 3878 ancipites,
573 3789 734 3878 oculisque
748 3787 894 3876 malignis

95 3889 255 3979 Ambiguae,
270 3908 417 3981 spectare
431 3908 527 3976 rates,
540 3899 687 3960 miserum
701 3895 783 3959 inter
798 3912 937 3960 amorem
1058 3895 1118 3954 655

95 3987 248 4062 Presentis
264 4011 369 4078 terrm,
382 3999 519 4084 fatisque
533 3997 682 4064 vocantia
693 4017 812 4082 regna;

93 4091 182 4173 Quum
195 4098 258 4166 dea
271 4123 307 4168 se
322 4101 453 4187 paribus
466 4122 525 4187 per
538 4100 654 4166 coelum
667 4097 789 4166 sustulit
803 4096 870 4178 alis,

382 4210 422 4266 27
