2648 5288
511 859 628 917 LIBER
648 859 709 919 Vll.

97 1010 235 1079 Saturni
248 1029 382 1100 gentem,
397 1013 481 1079 haud
496 1016 600 1081 vinclo
614 1038 671 1081 nec
688 1016 808 1104 legibus
822 1038 954 1104 aequam,

102 1115 227 1201 Sponte
240 1119 306 1199 sua,
321 1123 499 1205 veterisque
513 1119 566 1184 dei
582 1143 615 1185 se
630 1143 716 1185 more
732 1133 896 1185 tenentem.

106 1221 215 1307 Atque
229 1221 374 1307 equidem
389 1225 514 1286 memini
529 1223 627 1304 (fama
642 1236 689 1286 est
702 1224 867 1287 obscurior
881 1224 986 1307 annis)
1082 1229 1143 1287 905

111 1324 271 1391 Auruncos
286 1327 329 1390 ita
345 1327 428 1390 serre
443 1347 553 1405 senes;
575 1326 623 1390 his
638 1340 723 1391 ortus
738 1341 771 1391 ut
786 1328 868 1414 agris

113 1421 277 1492 Dardanus
293 1427 393 1492 ldaeas
409 1428 554 1515 Phrygiae
570 1428 739 1514 penetrhrit
754 1429 796 1494 ad
811 1430 914 1510 urbes,
932 1510 934 1513 ι

118 1525 353 1617 Threiciamque
369 1533 505 1612 Samum,
520 1554 589 1617 quae
605 1555 686 1597 nunc
703 1534 919 1597 Samothracia
936 1533 1045 1596 femur.

123 1627 200 1696 Hinc
213 1633 297 1698 illum
312 1633 448 1720 Corythi
464 1632 634 1720 Tyrrhenis
649 1636 690 1698 ab
705 1635 780 1699 sede
795 1636 969 1722 profectum

126 1733 217 1800 Aurea
229 1759 309 1801 nunc
325 1736 404 1801 solio
419 1738 569 1802 stellantis
584 1739 670 1825 regia
685 1738 759 1802 coeli
1083 1742 1145 1800 910

130 1832 242 1922 Accipit,
256 1852 288 1904 et
302 1860 464 1903 numerum
478 1839 622 1904 divorum
637 1839 789 1904 altaribus
805 1839 902 1904 addit.

166 1936 305 2020 Dixerat,
328 1956 359 2006 et
373 1941 456 2006 dicta
473 1941 606 2007 Ilioneus
621 1942 666 2006 sic
682 1964 759 2006 voce
774 1956 917 2009 secutus:

135 2034 198 2121 Rex,
209 2065 301 2130 genus
317 2047 473 2130 egregium
490 2045 598 2125 Fauni,
613 2066 671 2108 nce
687 2046 833 2109 fluctibus
847 2058 933 2109 actos

134 2139 194 2207 Aut
206 2146 321 2231 subegit
337 2145 435 2210 hiems
449 2147 559 2210 vestris
573 2146 743 2212 succedere
760 2146 869 2226 terris;

134 2237 187 2308 Nec
197 2247 275 2312 sidus
291 2249 416 2334 regione
433 2249 489 2312 vim
506 2247 628 2313 littusve
643 2249 762 2314 fefellit.
779 2335 782 2338 .
1081 2253 1142 2310 915

134 2340 247 2414 Cooiln
263 2351 344 2416 hanc
359 2374 466 2416 omnes
481 2352 653 2436 animisque
667 2353 843 2418 volentibus
857 2354 968 2418 urbem

135 2447 283 2534 Aderimur,
298 2454 379 2540 pulsi
393 2456 504 2540 regnis,
519 2476 589 2539 quae
606 2459 743 2519 maxima
757 2456 916 2542 quondam

134 2542 256 2621 Etuemo
270 2558 398 2622 veniens
413 2557 459 2622 sol
474 2557 670 2642 adspiciebat
684 2558 834 2644 Olympo.

134 2651 251 2724 AbJove
265 2660 453 2746 principium
467 2661 608 2747 generis3
631 2662 710 2724 Jove
726 2661 879 2725 Dardana
894 2660 994 2745 pubes

131 2747 230 2824 Gaudet
244 2783 322 2826 avo:
345 2784 401 2825 rex
417 2766 495 2847 ipse,
509 2764 597 2827 Jovis
612 2763 652 2827 do
667 2776 758 2849 gente
774 2761 929 2848 supremi,
1079 2767 1140 2823 990

134 2846 222 2926 Troius
236 2864 348 2930 AEneas
364 2879 416 2930 tua
431 2888 486 2929 nos
501 2867 541 2930 ad
558 2867 662 2930 limina
679 2870 772 2929 misit.

132 2952 229 3035 Quanto
243 2990 301 3052 per
316 2968 415 3032 ldaeos
431 2974 521 3033 saevis
536 2969 632 3034 effusa
649 2971 795 3054 Mycenis

131 3049 290 3152 Tempestas
305 3073 378 3133 ierit
392 3093 527 3155 campos,
543 3072 656 3155 quibus
672 3085 759 3133 actus
775 3084 903 3154 uterque

132 3151 236 3256 Fltropu
251 3187 347 3258 atque
362 3178 446 3237 Asiae
462 3175 532 3237 latis
548 3174 740 3237 concurrerit
754 3174 850 3254 orbis,

131 3261 223 3355 Anillil,
234 3290 265 3341 et
280 3281 306 3341 si
323 3297 416 3361 quem
431 3277 522 3341 tellus
538 3291 678 3340 extrema
694 3276 797 3340 refuso
1079 3277 1140 3334 995

133 3360 273 3446 slhmovet
287 3402 418 3459 oceano,
433 3396 463 3445 et
477 3381 503 3443 si
518 3403 609 3465 quem
625 3393 750 3444 extenta
763 3379 927 3464 plagarum

132 3465 244 3550 Qtuor
259 3489 292 3548 in
307 3483 411 3547 medio
425 3483 542 3547 dirimit
556 3483 649 3568 plaga
664 3481 738 3544 solis
753 3482 861 3565 iniqui.

134 3564 232 3650 lilerio
246 3610 287 3652 ex
302 3586 358 3651 illo
373 3599 416 3650 tot
430 3600 517 3649 vasta
533 3606 590 3670 per
604 3606 730 3670 aequora
746 3584 837 3662 vecti,

135 3666 180 3746 nl!
189 3690 285 3755 sedem
300 3693 446 3774 exiguam
461 3688 579 3772 patriis,
594 3688 737 3771 littusque
752 3707 896 3771 rogamus

137 3771 283 3872 lfflocuum,
298 3805 329 3855 et
344 3793 462 3856 cunctis
478 3790 653 3873 undamque
669 3810 839 3872 auramque
855 3799 1022 3872 patentem.
1076 3792 1138 3850 930

139 3871 188 3952 Nou
199 3895 305 3958 erimus
320 3915 417 3980 regno
432 3892 614 3970 indecoros;
636 3912 693 3953 nec
710 3903 813 3954 vestra
829 3889 947 3953 seretur

86 4020 89 4025 ·
140 3974 211 4057 lana
221 3994 307 4077 levis,
317 3999 435 4060 tantive
450 3994 610 4059 abolescet
624 3994 722 4079 gratia
738 3995 832 4073 sacti3

143 4077 189 4154 llo
199 4095 317 4186 'frojam
333 4098 485 4161 Ausonios
499 4099 617 4182 gremio
632 4097 793 4180 excepisse
809 4094 938 4180 pigebit.

81 4228 83 4233 ·
145 4179 200 4258 lata
209 4220 258 4283 per
272 4197 379 4262 AEnea
389 4200 472 4284 juro,
487 4196 693 4281 dextramque
708 4209 875 4282 potentem,

146 4284 197 4360 fite
207 4301 268 4382 fide,
282 4324 337 4365 seu
351 4305 421 4386 quis
435 4300 520 4365 bello
535 4315 583 4365 est
597 4313 744 4385 expertus
760 4311 790 4361 et
806 4299 919 4376 armis3
1077 4302 1138 4359 935

150 4386 211 4462 llulti
222 4426 270 4468 nos
283 4404 400 4491 populi,
415 4405 518 4468 multae
533 4405 586 4483 (ne
601 4416 702 4467 temne
718 4400 802 4486 quod
817 4399 897 4463 ultro

152 4487 307 4574 ltulerimus
320 4507 464 4573 manibus
478 4507 570 4571 vittas
585 4528 623 4569 ac
638 4505 736 4570 verba
755 4503 929 4589 precantia)

408 4616 448 4673 39
