2756 5010
236 523 301 579 m
685 511 876 578 AENEIDOS

287 675 454 762 Postquam
469 672 556 740 iilum
570 671 634 738 vite
648 671 749 738 victor
763 669 910 759 spoliavit
924 669 1074 753 Achilles,

243 841 245 852 ,
284 779 450 845 Dardanio
465 777 569 842 AEuete
584 797 653 841 sese
667 775 851 841 fortissimus
866 774 959 839 heros

283 880 460 948 Addiderat
474 883 603 962 socium,
617 903 679 945 non
693 880 843 945 inferiora
857 891 993 944 secutus.
1238 874 1277 933 13⁰

284 987 346 1054 Sed
362 1003 426 1052 tum
440 987 521 1052 iortd
536 984 616 1050 cavi
630 983 705 1052 dum
718 997 867 1070 personat
882 1003 1006 1068 equora
1022 979 1149 1060 conchi,

281 1089 448 1192 Demens,
444 1103 477 1155 et
490 1103 584 1155 centu
599 1102 691 1154 vocat
705 1091 738 1152 iu
749 1089 923 1152 certamina
937 1085 1047 1167 divos,

283 1151 448 1258 AEmulus
437 1205 604 1279 exceptum
619 1191 730 1256 Triton
744 1187 785 1273 (si
799 1189 932 1255 credere
947 1189 1075 1277 dignum
1085 1191 1150 1286 pst)

282 1295 368 1360 Inter
382 1315 460 1361 saxa
474 1300 577 1361 virum
592 1291 737 1380 spumosa
751 1297 948 1358 immerserat
962 1291 1057 1356 unda.
1072 1279 1098 1348 b

282 1395 368 1486 Ergo
381 1421 489 1465 omues
503 1421 616 1485 magno
630 1395 751 1462 circum
766 1396 905 1462 clamore
919 1395 1107 1475 fremebant,

283 1501 445 1588 Precipud
459 1502 529 1588 pius
545 1499 671 1566 AEneas.
716 1499 798 1563 Tum
811 1499 899 1586 jussa
915 1497 1057 1584 Sibyllae,

282 1603 381 1668 Haud
395 1625 494 1684 mora,
508 1604 654 1669 festinant
668 1601 796 1683 flentes,
820 1621 970 1687 aramque
985 1599 1122 1687 sepulcri

281 1705 462 1793 Congerere
477 1705 653 1786 arboribus,
667 1705 811 1791 coeloque
826 1703 963 1770 educere
977 1715 1111 1768 certent.

282 1809 348 1874 ltur
361 1810 393 1874 iu
408 1809 568 1896 antiquam
582 1808 704 1889 silvam,
719 1805 843 1874 stabula
859 1807 923 1873 alta
937 1810 1096 1873 ferarum:

283 1909 495 1978 Procumbunt
508 1915 608 1999 piceae
621 1939 630 1993 3
651 1926 741 1977 sonat
754 1913 818 1978 icta
829 1913 992 1978 securibus
1005 1911 1091 1990 ilex,
1242 1903 1284 1966 1⁸⁰

281 2016 510 2104 Fraxineaeque
525 2015 642 2098 trabes,
656 2020 765 2082 cuneis
780 2030 811 2082 et
826 2017 920 2084 fissile
934 2017 1032 2082 robur

282 2123 458 2204 Scinditur;
480 2119 651 2188 advolvunt
664 2125 804 2210 ingentes
819 2123 976 2188 montibus
989 2141 1095 2187 ornos.

264 2227 350 2304 ,Nec
363 2225 557 2328 noanneas
571 2248 669 2314 opera
684 2230 766 2292 iuter
780 2227 856 2291 talia
870 2227 988 2314 primus

280 2333 437 2398 Hortatur
451 2333 563 2411 socios,
577 2329 768 2416 paribusque
784 2333 958 2417 accingitur
973 2332 1088 2395 armist

243 2429 247 2437 ’
279 2437 383 2522 Atque
398 2435 467 2500 haec
482 2437 550 2521 ipse
564 2455 619 2498 suo
635 2435 715 2498 tristi
728 2455 800 2498 curn
815 2431 912 2498 corde
927 2432 1055 2512 volutat,
1243 2424 1285 2484 ¹⁸⁵

278 2537 477 2626 Adspectans
492 2537 603 2604 silvam
617 2537 809 2617 immensam,
825 2537 915 2626 etsie
930 2557 1009 2601 voce
1023 2548 1189 2623 precatur:

279 2643 314 2708 si
329 2664 411 2708 nunc
425 2663 459 2707 se
473 2641 565 2706 nobis
580 2637 634 2704 ille
649 2661 762 2705 aureus
778 2639 893 2704 arbore
907 2659 1013 2704 ramus

278 2743 575 2810 Ostendut‘nemore
590 2746 623 2808 iu
638 2745 742 2808 tanto!
766 2740 892 2826 quando
907 2742 1010 2807 omnia
1024 2743 1114 2824 vere,

279 2845 375 2912 Heu!
397 2843 527 2910 nimidm
541 2843 582 2908 de
597 2857 627 2907 te
642 2858 739 2925 vateS,
755 2843 887 2925 Misene,
902 2843 1006 2910 locuta
1021 2857 1080 2909 est.

278 2947 346 3018 vix
360 2969 399 3014 ea
414 2949 494 3012 satus
509 2959 586 3026 erat,
601 2949 731 3033 geminae
747 2969 842 3034 quum
857 2949 938 3014 sorte
952 2947 1109 3015 columbae

278 3053 371 3145 ipsa
366 3052 424 3115 sub
438 3069 496 3114 ora
510 3052 572 3114 viri
586 3048 667 3114 coelo
682 3051 798 3116 vendre
814 3051 965 3134 volantes,

278 3153 320 3218 Et
334 3119 436 3218 viridi
441 3149 554 3216 sedere
569 3149 773 3217 solo.'1'um
787 3157 943 3218 maximus
959 3154 1052 3219 beros

277 3255 439 3321 Matemas
454 3255 594 3342 agnoscit
609 3275 694 3335 aves,
708 3255 859 3341 laetusque
874 3271 1041 3343 precatur.

276 3359 353 3426 Este
368 3358 474 3440 duces,
488 3380 518 3440 o,
532 3359 559 3422 si
574 3379 637 3444 qua
651 3359 703 3424 via
718 3371 775 3440 est,
789 3381 978 3448 cursumque
993 3367 1052 3447 per
1066 3383 1161 3430 auras

276 3456 411 3550 Dirigite
426 3461 457 3526 in
472 3459 559 3526 lucos
573 3461 628 3525 ubi
642 3463 789 3548 pinguem
804 3463 893 3528 dives
907 3477 1022 3549 opacat
1252 3459 1298 3520 195

278 3563 397 3630 Remus
412 3561 551 3628 humum.
593 3562 717 3648 Tuque,
731 3587 760 3645 o,
774 3561 880 3630 dubiis
896 3587 935 3630 ne
949 3567 1051 3631 defice
1065 3567 1173 3647 rebus,

275 3667 361 3734 Divu
376 3687 500 3754 petens.
546 3665 598 3730 Sic
613 3664 731 3750 effetus,
746 3673 879 3756 vestigia
892 3674 1016 3756 pressit,

275 3767 458 3835 Observans
472 3785 542 3852 quae
557 3767 645 3853 signa
659 3767 771 3850 serant,
786 3767 849 3855 qud
864 3770 992 3836 tendere
1007 3783 1153 3859 pergant.

277 3872 443 3939 Pascentes
457 3869 516 3935 illae
531 3868 650 3936 tantun
664 3871 791 3959 prodire
805 3873 942 3942 volendo

274 3973 432 4061 Quantirm
447 3976 515 4041 scie
530 3987 655 4061 possent
669 3977 752 4043 oculi
765 3999 892 4046 servare
908 3973 1102 4066 soquenttim.
1253 3971 1306 4034 20⁰

269 4077 363 4160 inde,
377 4077 431 4142 ubi
445 4075 562 4142 vendre
577 4077 618 4144 ud
633 4081 739 4145 fauces
753 4082 962 4168 graveolentis
977 4087 1105 4164 Averni,

274 4179 403 4248 Tollunt
417 4202 451 4248 se
465 4178 606 4263 celerem
627 4181 844 4272 liquidumque
858 4189 1008 4272 pereira
1024 4185 1131 4274 lapse,
