2756 5010
221 410 281 473 ido
664 409 852 472 AENEIDOS
932 393 940 410 ’

189 561 192 578 '
265 565 429 652 Reliquias
443 559 598 644 colerem3
621 563 735 628 Priami
750 575 833 628 tecta
846 561 911 627 alta
925 575 1105 644 manerent,

265 673 306 736 Et
320 671 459 735 recidiva
472 690 565 734 manu
580 668 751 754 posuissem
767 667 923 754 Pergama
935 667 1035 732 victis.

268 773 330 840 Sed
345 795 425 838 nunc
441 771 562 836 ltaliam
577 793 719 858 magnam
738 770 886 856 Gryneus
899 770 1024 856 Apollo,
1233 767 1284 832 845

267 877 388 942 ltaliam
403 876 513 962 Lyciae
524 873 647 962 jussere
661 895 827 960 capessere
842 887 958 938 sortes:

267 983 333 1046 Hic
348 1002 444 1072 amor,
459 977 528 1044 haec
542 979 645 1064 patria
659 992 716 1043 est.
762 977 795 1043 Si
809 991 839 1042 te
855 975 1057 1064 Carthaginis
1071 997 1161 1042 arces

185 1098 192 1112 ·
268 1084 472 1162 Phoenissam,
487 1081 683 1167 Libyoaeque
698 1079 864 1166 adspectum
878 1079 998 1144 detinet
1011 1079 1116 1160 urbis3

264 1189 342 1270 Quae
358 1186 483 1251 tandem
497 1183 635 1250 Ausonii
649 1185 789 1248 'Peucros
803 1183 967 1249 considere
981 1182 1066 1248 terrh

266 1289 389 1356 Invidia
403 1303 450 1354 est
460 1293 493 1383 lq
516 1288 557 1352 Et
570 1309 627 1352 nos
643 1287 689 1351 las
704 1299 814 1352 extera
829 1309 971 1372 querere
985 1307 1093 1374 regne.
1231 1287 1279 1346 ³⁵0

266 1393 321 1458 Me
335 1393 432 1477 patris
447 1389 603 1470 Anchise,
618 1394 739 1475 quoties
753 1389 950 1455 humentibus
963 1389 1081 1452 umbris

266 1495 338 1560 Nox
353 1494 452 1580 operit
467 1507 576 1574 terras,
591 1496 711 1578 quoties
726 1503 811 1556 astra
826 1493 916 1578 ignea
930 1505 1066 1578 surgunt,

265 1600 420 1666 Admonet
434 1602 464 1664 in
479 1605 603 1680 somnis,
618 1615 649 1664 et
663 1598 790 1664 turbida
804 1586 1034 1687 terret'imago:

266 1703 319 1770 Me
333 1726 412 1790 puer
425 1704 588 1781 Ascanius,
602 1703 775 1788 capitisque
790 1703 902 1790 injuria
915 1704 993 1783 cari,

265 1807 367 1888 Quem
380 1827 474 1892 regno
490 1805 656 1890 Hesperiae
672 1804 782 1870 fraudo
798 1817 828 1868 et
843 1804 990 1870 letalibus
1005 1805 1098 1869 arvis.
1229 1809 1279 1866 3⁵5

265 1909 356 1974 Nunc
371 1909 462 1973 etiam
476 1911 630 1993 interpres
644 1905 761 1987 dictim,
775 1908 856 1970 Jove
865 1907 982 1972 ‘missus
997 1907 1039 1972 ab
1054 1909 1132 1994 ipso,

264 2012 392 2094 (Testor
406 2026 569 2097 utrumque
584 2013 691 2097 caput)
706 2010 826 2076 celeres
840 2011 987 2077 mandata
1001 2033 1058 2098 per
1072 2031 1167 2078 auras

264 2114 404 2178 Detulit:
427 2117 494 2200 ipse
508 2113 601 2178 deum
616 2115 780 2178 manifesto
794 2115 824 2178 in
840 2114 954 2179 lundne
967 2113 1034 2179 vidi

265 2219 432 2283 intrantem
447 2240 560 2299 muros,
574 2238 746 2303 vocemque
761 2217 810 2282 his
824 2219 951 2283 auribus
966 2217 1066 2283 hausi.

265 2320 384 2385 Desine
399 2341 511 2405 meque
526 2320 586 2384 tuis
601 2320 769 2386 incendere
783 2331 877 2405 teque
892 2319 1044 2406 querelis:
1229 2321 1279 2382 860

265 2424 386 2489 ltaliam
401 2446 462 2490 non
477 2437 586 2510 sponte
600 2446 726 2510 sequor.

307 2526 400 2592 Talia
414 2526 569 2591 dicentem
578 2527 765 2613 jamdudum
779 2547 890 2592 aversa
904 2539 1017 2608 tuetur,

265 2627 339 2691 Huc
355 2627 428 2692 illuc
444 2627 570 2692 volvens
584 2628 700 2709 oculos,
714 2642 873 2715 totumque
887 2631 1030 2714 pererrat

158 2779 165 2796 .
265 2729 447 2795 Luminibus
461 2733 574 2809 tacitis,
589 2745 620 2794 et
634 2735 680 2796 sic
696 2751 830 2798 accensa
844 2733 1001 2818 protatur:

264 2832 295 2898 N
297 2855 333 2897 ec
349 2832 405 2897 tibi
418 2830 492 2896 diva
507 2853 630 2916 parens,
644 2833 767 2917 generis
781 2855 839 2897 nec
854 2833 1023 2899 Dardanus
1038 2839 1158 2918 auctor,
1230 2835 1279 2895 865
1359 2851 1360 2883 t

266 2932 388 3000 Perfide
400 2958 408 3012 3
430 2931 485 2996 sed
500 2931 587 3026 duris
601 2937 707 3018 genuit
720 2947 751 2998 te
766 2935 910 3000 cautibus
925 2935 1055 3002 horrens

264 3037 436 3116 Caucasus,
451 3037 678 3122 Hyrcanaque
693 3036 857 3103 admdrunt
870 3039 971 3105 ubera
984 3041 1089 3127 tigres.

264 3139 346 3204 Nam
361 3136 438 3222 quid
452 3136 635 3201 dissimulo?
656 3153 709 3202 aut
723 3159 792 3225 quoe
808 3163 858 3206 me
873 3141 915 3206 ad
929 3144 1050 3230 majora
1063 3147 1212 3210 reservo?

264 3241 345 3306 Num
362 3239 434 3303 fletu
448 3241 596 3327 ingemuit
609 3245 736 3306 nosuol
756 3263 829 3308 num
844 3242 960 3310 lumina
973 3245 1080 3313 flexit?
1117 3257 1121 3272 '
1357 3249 1358 3301 l

264 3343 347 3410 Num
355 3341 514 3429 lacrymas
522 3343 621 3408 victus
630 3343 732 3408 deditl
746 3339 973 3412 aut'miseratus
980 3364 1137 3416 amantem
1146 3353 1208 3416 esti
1230 3345 1282 3409 370

252 3449 341 3541 ¹‘Qum
357 3447 469 3532 quibus
484 3448 655 3512 anteferam
665 3452 689 3513 l.
695 3449 761 3535 jam
771 3451 838 3536 jam
853 3471 911 3514 nec
925 3453 1063 3518 maxima
1076 3453 1169 3534 Juno,

263 3551 331 3618 Nec
347 3552 506 3618 Saturnius
522 3551 590 3615 haec
604 3550 703 3616 oculis
716 3564 807 3638 pater
820 3553 954 3640 adspicit
968 3557 1076 3641 aequis.

263 3654 424 3739 Nusquam
438 3666 503 3717 tuta
517 3651 605 3718 fides.
650 3653 793 3741 Ejectum
807 3653 919 3738 littore,
933 3671 1085 3745 egentem,

264 3757 396 3843 Excepi,
410 3768 442 3821 et
455 3757 543 3842 regni
555 3756 685 3822 demens
700 3761 732 3823 in
745 3773 836 3844 parte
850 3758 971 3826 locavi:

264 3861 418 3926 Amissam
432 3859 573 3942 classem,
587 3865 698 3942 socios,
713 3875 844 3928 amorte
859 3863 984 3930 reduxi.
1232 3863 1283 3924 ³⁷⁵
1354 3841 1355 3931 l

265 3966 357 4030 Heu!
380 3963 465 4027 furiis
480 3965 607 4029 incensa
622 3965 725 4030 feror!
768 3965 861 4032 Nunc
875 3989 974 4054 augur
987 3964 1111 4054 Apollo,

263 4063 355 4134 Nunc
369 4065 481 4153 Lyciae
496 4079 606 4149 sortes,
619 4089 701 4134 nunc
716 4079 747 4136 et
760 4069 840 4136 Jove
854 4071 1024 4138 missus'ab
1037 4074 1107 4157 ipso
