2928 5002
178 405 216 461 30
398 431 403 440 ·
569 396 853 462 Bucoutcuuust

219 554 262 622 Et
276 570 380 642 potum
396 569 498 642 pastas
513 576 582 642 age,
597 557 729 642 Tityre3
752 573 782 622 et
797 561 875 624 inter
891 563 1046 644 agendum

220 660 394 726 Occursare
409 682 514 747 capro,
530 681 625 726 comu
642 653 711 726 ierit
725 661 786 740 ille,
803 665 946 730 caveto.”
1202 673 1244 732 2⁶

652 786 774 831 samara.

218 869 317 934 Immo
328 869 394 936 hac
410 887 476 953 quae
490 865 586 946 Varo,
602 871 736 934 necdum
751 869 900 956 perfecta,
915 875 1064 939 canebat:

220 980 241 1012 “
252 972 347 1052 Vare,
362 988 448 1038 tuum
463 993 574 1038 nornen
593 971 733 1061 (superet
745 975 840 1040 modi)
856 975 983 1043 Mantua
998 979 1094 1058 nubis,

218 1075 404 1143 Mantuanae
420 1079 538 1141 misera
553 1077 680 1140 nimiirm
696 1079 795 1140 vicina
811 1075 974 1146 Cremonae
989 1081 1014 1169 i)

219 1182 387 1261 Cantantes
402 1181 530 1246 sublime
547 1179 646 1244 serent
661 1182 701 1243 ad
717 1181 818 1244 sidera
833 1185 958 1266 cycni.”

631 1301 786 1347 arcanus.

219 1393 272 1456 Sic
287 1405 339 1455 tua
353 1383 495 1474 Cyrneas
511 1385 626 1470 fugiant
641 1388 785 1451 examina
798 1391 910 1452 taxos!

217 1493 271 1558 Sic
283 1496 383 1578 'cytiso
398 1507 490 1576 pasta
506 1491 680 1555 distendent
694 1493 790 1555 ubera
804 1513 906 1557 vacca
921 1495 930 1557 Ξ

216 1601 333 1685 Incipe,
350 1599 374 1663 si
391 1597 462 1685 quid
478 1595 585 1662 babes.
609 1593 653 1660 Et
669 1618 719 1662 me
735 1597 840 1662 seciae
856 1601 981 1684 poium

215 1705 377 1786 Pierides3
399 1719 469 1768 sunt
484 1703 602 1768 etmihi
618 1704 774 1784 carmine;
797 1726 847 1769 me
864 1727 986 1792 quoque
1002 1708 1107 1774 dicunt

214 1811 327 1877 Vatem
343 1823 502 1896 pastores:
525 1811 657 1874 sednon
673 1831 732 1894 ego
748 1809 891 1875 credulus
906 1813 988 1892 illis3

215 1918 299 1982 Nam
314 1937 415 2002 neque
432 1913 534 1980 adbuc
548 1911 633 1978 Vero
648 1913 755 1980 videor
771 1937 829 1980 nec
845 1917 951 1982 dicere
967 1917 1070 1985 Cinnb
1201 1927 1242 1986 35

213 2022 327 2108 Digna,
344 2021 398 2085 sed
415 2033 537 2104 argutos
549 2021 628 2084 inter
643 2033 780 2105 strepere
797 2042 886 2085 anser
901 2023 1013 2088 olores.

645 2145 768 2189 unare.

213 2228 249 2294 Id
266 2230 390 2316 quidem
406 2251 485 2314 ag03
508 2243 539 2293 et
553 2230 673 2308 tacitus,
690 2229 822 2315 Lycida,
838 2249 962 2296 mecum
977 2231 1043 2317 ipse
1058 2232 1172 2312 voluto,

214 2334 248 2400 Si
263 2336 382 2400 valeam
398 2334 572 2400 meminisse
586 2357 596 2414 ;
619 2355 719 2419 neque
735 2349 783 2399 est
797 2335 930 2420 ignobile
946 2355 1082 2401 carmen.

212 2439 321 2506 “Huc
337 2441 424 2520 ades,
439 2464 459 2505 ο
475 2440 629 2506 Galatea:
653 2441 720 2526 quis
736 2453 782 2504 est
797 2459 868 2504 nam
883 2440 974 2506 ludus
989 2443 1019 2505 in
1036 2441 1150 2508 undis?

213 2547 275 2614 Hic
287 2570 342 2613 ver
357 2569 543 2634 purpureum
556 2569 565 2626 ;
587 2547 688 2612 varios
702 2545 754 2611 bic
770 2546 895 2611 fiumina
909 2547 1026 2613 circum
1199 2556 1241 2614 40

213 2654 329 2720 Fundit
343 2654 455 2718 humus
470 2653 581 2732 flores;
603 2651 655 2718 bic
671 2653 804 2717 candida
819 2654 950 2739 populus
965 2671 1051 2720 antro

212 2761 364 2836 Imminet,
381 2773 412 2822 et
427 2761 514 2821 lenta
530 2771 639 2820 texunt
655 2758 832 2822 umbracula
848 2759 935 2822 vites.

214 2865 288 2930 Huc
304 2865 399 2928 ades:
423 2861 518 2925 insani
531 2859 641 2923 feriant
657 2859 722 2924 sine
738 2859 839 2926 littora
853 2863 998 2928 fluctus-’⁹

627 2983 782 3027 nrcrnss.

213 3061 309 3149 Quid,
325 3091 391 3155 quaa
406 3083 438 3132 te
452 3066 530 3153 puris
545 3067 643 3131 scium
659 3069 715 3132 sub
731 3083 821 3134 nocte
837 3085 998 3138 canentem

212 3173 407 3244 Audieram?
432 3171 588 3236 Numerus
603 3173 740 3249 memini,
757 3174 782 3237 si
798 3177 892 3240 verba
908 3195 1057 3242 tenerem.
1197 3187 1240 3247 4⁵

643 3293 783 3341 armare,

213 3395 233 3426 “
246 3387 381 3473 Daphni,
399 3385 471 3470 quid
487 3385 626 3468 antiquos
641 3383 801 3468 signorum
811 3387 939 3470 suspicis
954 3387 1065 3452 ortus?

215 3493 303 3558 Ecce
318 3489 437 3555 Dionaei
454 3489 603 3576 processit
618 3487 750 3554 Caesaris
765 3503 878 3554 astrum
892 3513 903 3571 ;

213 3601 349 3675 nstrum,
366 3617 426 3680 quo
442 3607 562 3678 segetes
578 3591 747 3677 gauderent
763 3591 908 3678 frugibus,
925 3611 956 3660 et
971 3619 1031 3684 quo

213 3703 354 3768 Duceret
368 3701 477 3786 apricis
493 3699 522 3764 in
538 3699 666 3762 collibus
682 3719 740 3762 uva
752 3699 898 3764 colorem.

214 3813 331 3886 insere,
347 3807 483 3893 Daphni,
498 3807 580 3892 piros
596 3829 605 3869 r
628 3817 754 3890 carpent
768 3819 821 3869 tua
835 3826 928 3890 poma
944 3805 1106 3892 nepotes.”
1199 3813 1242 3875 50

259 3915 373 3980 Omnia
388 3912 446 3976 sert
458 3923 540 3990 atas,
556 3911 691 3974 animum
707 3932 840 3997 quoque.
887 3910 977 3997 Sepia
996 3935 1054 3998 ego
1069 3913 1177 3999 longos

214 4019 378 4088 Cantando
393 4037 522 4102 puerum
538 4016 662 4080 memini
678 4035 728 4079 me
743 4016 878 4080 condere
894 4016 997 4081 soles:

217 4129 308 4193 Nunc
324 4124 415 4190 oblita
431 4123 503 4187 mibi
518 4135 562 4185 tot
578 4120 712 4185 carmina
726 4143 736 4200 3
758 4139 818 4186 vox
835 4139 957 4208 quoque
973 4119 1085 4187 Moerin
