2648 5288
13 39 27 78 s
42 36 177 93 venram,
192 37 223 77 er
238 38 386 99 tempium
400 42 540 80 cremore
554 45 717 102 pererrant.

10 140 102 204 quarn
118 121 308 204 introgressi,
324 132 354 181 et
369 119 475 182 coram
490 119 565 184 data
580 125 675 206 copia
689 122 753 187 sant

16 243 51 282 us
68 219 201 283 Ilioneus
216 219 344 304 placido
358 223 404 284 sic
420 226 549 305 pectore
563 225 679 308 coepit:

1 330 56 401 na,
72 346 184 388 novam
200 327 251 387 cui
267 323 406 389 condere
420 325 545 411 Jupiter
559 327 681 407 urbem,

0 450 80 511 que
95 426 184 490 dedit
197 441 305 513 gentes
320 428 452 492 frenare
467 430 632 515 superbas,

9 547 38 594 te
55 534 170 609 miseri,
185 534 285 594 ventis
300 534 401 594 maria
415 534 521 596 omnia
536 536 630 613 vecti,

11 658 42 697 s:
66 635 201 718 prohibe
215 634 359 698 infandos
371 655 391 698 a
405 636 538 700 navibus
553 640 651 723 ignes,

9 742 61 822 pio
76 740 193 821 generi,
208 751 239 800 et
253 734 383 822 propius
397 759 449 801 res
464 736 595 824 adspice
610 753 744 806 nostras.

5 864 33 902 rs
50 856 100 904 aut
117 842 201 904 ferro
216 840 360 927 Libycos
375 842 527 929 populare
544 844 677 909 Penates

0 967 55 1022 us,
71 959 122 1007 aut
137 957 244 1029 raptas
259 942 300 1006 ad
316 943 421 1007 littora
436 960 560 1009 vertere
573 944 727 1032 pradasa

0 1076 9 1107 ι
33 1052 79 1110 vis
95 1052 209 1128 animo,
224 1069 282 1111 nec
298 1060 385 1113 tanta
413 1048 563 1134 superbia
578 1053 682 1115 victis.

14 1175 59 1231 ua,
76 1153 268 1238 Hesperiam
282 1152 372 1216 Graii
389 1155 573 1238 cognomine
588 1151 705 1234 dicunt,

10 1259 148 1339 antiqua,
163 1268 274 1341 potens
290 1259 386 1319 armis
401 1267 496 1341 atque
511 1255 611 1320 ubere
621 1254 743 1342 giebae3

1 1363 14 1421 i
30 1357 156 1422 coluere
168 1360 246 1423 viri:
270 1379 351 1423 nunc
367 1359 450 1423 fama
465 1362 602 1424 minores

0 1492 6 1521 ι
28 1461 157 1538 dixisse,
172 1462 262 1526 ducis
278 1459 319 1526 de
334 1465 470 1542 nomine,
484 1475 621 1549 gentem.

2 1587 91 1627 ursus
107 1565 181 1628 suit:
200 1564 204 1575 '

8 1667 112 1730 subito
126 1687 291 1751 assurgens
307 1665 402 1727 fluctu
416 1665 578 1728 nimbosus
591 1666 693 1731 Orion

1 1796 22 1837 ,a
38 1792 124 1835 caeca
139 1770 218 1849 tulit,
233 1767 421 1855 penitrisque
435 1770 625 1855 procacibus
640 1776 743 1840 Austri

10 1928 13 1933 .
28 1873 137 1951 undas,
152 1886 321 1957 superante
334 1870 412 1952 salo,
427 1892 547 1957 perque
563 1875 648 1939 invia
662 1898 741 1942 saxa

1 1983 46 2042 it:
70 1978 130 2041 huc
145 1979 241 2062 pauci
256 1978 370 2041 vestris
385 1974 570 2041 adnavimus
584 1982 660 2044 oris.

0 2104 94 2148 enus
111 2080 170 2144 hoc
186 2078 356 2161 bominum,
368 2080 569 2166 quaevehunc
582 2096 644 2148 tarn
656 2085 741 2151 barb

10 2190 45 2247 tit
61 2187 183 2269 patria?
205 2183 342 2269 hospitio
355 2184 561 2270 prohibemur
576 2206 700 2252 arente:

17 2291 90 2365 ient,
106 2285 269 2372 primique
285 2300 392 2350 vetant
406 2289 579 2351 consistere
595 2288 692 2354 terrai.

1 2412 37 2451 us
53 2388 220 2451 humanum
236 2399 267 2450 et
282 2387 426 2451 mortalia
442 2393 578 2453 temnitis
594 2411 692 2472 arma,

1 2506 73 2554 rate
89 2490 165 2555 deos
180 2512 334 2555 memores
350 2490 435 2554 sandi
452 2507 545 2576 atque
561 2495 700 2560 nefandi.

2 2608 46 2646 mr
71 2593 179 2649 dinone
194 2593 295 2652 nobis.
310 2614 373 2654 ono
388 2595 497 2656 iustior
512 2594 591 2659 alter·
