2756 5010
407 1003 773 1098 AENfflDos

399 1277 534 1342 LIBER
556 1277 778 1345 OCTAVUS.

109 1481 151 1548 Ur
163 1483 233 1552 belli
247 1485 370 1572 signum
385 1485 534 1552 Laurenti
549 1486 674 1552 Turnus
689 1487 732 1551 ab
746 1507 820 1551 arce

105 1585 219 1670 Extulit,
233 1602 265 1653 et
281 1609 378 1653 rauco
391 1601 588 1674 strepuerunt
602 1611 721 1654 cornua
735 1601 838 1670 cantu,

107 1687 198 1777 thue
212 1715 309 1758 acres·
318 1696 475 1760 concussit
490 1715 596 1778 equos,
611 1707 707 1780 utque
722 1692 842 1780 impulit
857 1711 962 1774 arma3

105 1791 259 1882 Extemplo
275 1797 392 1862 turbati
407 1797 521 1877 animi3
543 1795 632 1862 simul
647 1819 738 1862 omne
754 1795 884 1862 tumultu

104 1893 244 1984 Conjurat
259 1897 387 1984 trepido
401 1900 538 1980 Latium,
549 1898 698 1984 saevitque
708 1902 857 1987 juventus

104 1997 207 2067 Effera.
249 2003 410 2067 Ductores
424 2003 527 2087 primi,
542 1995 717 2088 Messapus
732 2017 763 2066 et
778 2002 888 2085 Ufens

104 2101 361 2193 Contemptorque
376 2107 471 2172 detlm
488 2109 672 2189 Mezentius
686 2108 823 2195 undique
838 2124 951 2198 cogtmt

104 2205 227 2288 Auxilia,
242 2223 275 2273 et
291 2208 370 2274 latos
385 2221 509 2274 vastant
523 2209 695 2274 cultoribus
709 2231 813 2298 agros

104 2305 225 2376 Mittitur
238 2327 271 2377 et
287 2317 391 2399 magni
407 2313 549 2379 Venulus
564 2313 729 2380 Diomedis
745 2315 786 2380 ad
801 2315 922 2398 urbem,

103 2409 253 2499 Quipetat
268 2416 433 2496 auxilium,
448 2431 480 2481 et
493 2417 588 2483 Latio
601 2419 772 2484 consistere
787 2419 938 2500 Teucros,
1096 2425 1133 2482 to

103 2515 266 2586 Advectum
284 2519 406 2586 Enean
420 2521 525 2601 classi,
539 2522 701 2607 victosque
717 2522 850 2586 Penates
1173 2531 1176 2538 ’

104 2615 219 2704 lolem,
234 2637 265 2688 et
281 2623 355 2688 fatis
369 2645 476 2710 regem
491 2642 526 2689 se
540 2623 649 2689 dicere
664 2625 763 2710 posci,

103 2719 243 2804 Edoceat,
258 2727 438 2813 multasque
453 2731 523 2793 viro
538 2750 571 2792 se
586 2727 758 2814 adjungere
772 2739 880 2815 gentes

101 2820 267 2912 Dardanio,
283 2845 317 2894 et
331 2831 394 2896 late
409 2831 503 2896 Latio
518 2833 754 2896 increbrescere
770 2851 901 2896 nomen:

100 2927 175 3008 Quid
189 2947 291 2998 struat
307 2934 355 2998 his
370 2935 490 3020 creptis,
505 2957 608 3020 quem,
622 2937 649 3000 si
664 2936 787 3000 fortuna
807 2945 965 3020 sequatur,
1098 2939 1135 2994 15
1216 3017 1217 3020 Ἴ

101 3027 245 3101 Eventum
261 3057 377 3124 pugnae
393 3038 507 3122 cupiat,
522 3035 716 3102 manifestius
731 3040 800 3123 ipsi,

102 3132 194 3214 Quam
208 3139 323 3205 Turno
337 3140 405 3226 regi
419 3153 473 3204 aut
487 3142 554 3226 regi
570 3161 724 3225 apparere
739 3138 865 3204 Latino.

138 3235 227 3305 Talia
240 3265 306 3328 per
320 3242 465 3306 Latium:
489 3261 558 3324 quae
574 3240 819 3306 Laomedontius
834 3241 928 3308 heros

104 3336 216 3408 Cuncta
230 3345 357 3425 videns,
372 3365 484 3430 magno
499 3365 645 3410 curarum
659 3345 788 3408 fluctuat
802 3355 888 3424 aestu,

99 3441 193 3528 Atque
208 3451 352 3512 animum
366 3467 449 3510 nunc
465 3445 526 3509 huc
541 3445 687 3526 celerem,
701 3467 782 3511 nunc
797 3443 908 3510 dividit
922 3443 1006 3526 illuc,
1093 3451 1134 3509 ΞΘ

103 3541 133 3606 ln
146 3561 320 3634 partesque
334 3549 417 3633 rapit
432 3551 547 3628 varias,
561 3569 681 3634 perque
695 3551 800 3613 omnia
814 3559 930 3612 versat.

100 3648 178 3714 Sicut
192 3673 286 3738 aquae
302 3650 471 3717 tremulum
486 3651 583 3716 labris
598 3653 653 3716 ubi
669 3652 772 3716 lumen
787 3651 907 3730 ahenis,

101 3750 166 3817 Sole
180 3777 415 3843 repercussum,
429 3770 483 3820 aut
495 3753 647 3820 radiantis
661 3755 795 3842 imagine
810 3753 902 3834 lunae,

99 3853 206 3922 Omnia
219 3859 396 3945 pervolitat
410 3857 474 3923 tate
490 3858 581 3938 loca3
598 3860 728 3945 Jamque
743 3857 802 3922 sub
817 3878 910 3922 auras

99 3955 243 4047 Erigitur,
258 3965 437 4048 summique
450 3964 523 4028 serit
538 3963 701 4049 laquearia
715 3964 802 4028 tecti.
1096 3966 1138 4022 25

99 4057 167 4125 Nox
181 4078 261 4144 erat,
278 4078 313 4130 et
327 4079 428 4130 terras
443 4065 593 4131 animalia
607 4066 691 4130 sessa
705 4085 763 4150 per
777 4082 894 4142 omnes,

99 4161 231 4234 Alituum
246 4168 471 4256 pecudumque
485 4190 592 4256 genta,
606 4189 701 4254 sopor
716 4165 796 4232 altus
811 4164 969 4244 habebam
