2648 5288
548 822 664 885 LIBER
684 822 734 888 Vl.

45 970 178 1040 Vis
206 990 237 1043 ut
249 976 336 1044 nulla
348 977 463 1059 sinim,
476 999 537 1043 non
552 979 612 1065 ipsi
627 978 812 1046 exscindere
826 982 913 1047 ferro

46 1074 289 1149 Coelieolar
305 1082 451 1149 valeant:
473 1096 535 1149 stat
548 1086 650 1150 ferrea
665 1086 757 1149 turris
773 1086 814 1151 ad
829 1108 943 1166 auras3

42 1176 364 1277 Tisiphoneque
377 1187 501 1268 sedens,
515 1187 599 1275 pallui
612 1190 772 1255 succincta
785 1189 924 1272 cruenth,

47 1278 327 1357 Vestibulum
342 1295 500 1357 exsomnis
514 1303 620 1357 servat
634 1306 804 1378 noctesque
818 1293 960 1379 diesque.

49 1378 214 1459 Hinc
227 1392 371 1460 exaudiri
385 1394 525 1481 gemitus,
540 1408 571 1458 et
586 1416 670 1460 saeva
685 1416 798 1461 sonare

53 1481 292 1561 Verberat
315 1510 379 1561 tum
393 1496 509 1561 stridor
522 1497 607 1578 ferri,
622 1511 793 1583 maetaeque
807 1511 938 1564 catenae.

55 1584 272 1665 Consum
287 1599 413 1680 thineus,
427 1604 651 1687 strepitumque
667 1604 834 1666 exterritus
849 1601 968 1665 hausit:

25 1782 28 1789 Ι
52 1692 204 1779 Qum
218 1706 372 1774 scelerum
386 1709 508 1773 faciest
528 1712 662 1796 ovirgo,
677 1708 772 1774 effare
788 1736 796 1790 3
822 1710 975 1795 quibusve

65 1792 284 1895 Urgentur
297 1815 421 1898 poenis?
442 1816 496 1897 qui
510 1826 613 1877 tantus
629 1812 760 1899 plangor
773 1812 815 1876 ad
829 1815 944 1877 auras?

64 1894 208 1978 Tum
220 1928 309 1979 vates
322 1918 368 1979 sic
384 1936 458 1979 orsa
472 1902 577 2000 loqui:
600 1914 675 1979 Dux
691 1914 810 2000 inclyte
825 1913 995 1995 Teuertim,

71 1996 212 2080 Nulli
224 2018 272 2082 ias
286 2030 374 2082 casto
389 2016 577 2081 sceleratum
592 2017 734 2081 insistere
754 2016 866 2096 limen3

74 2102 186 2181 Sed
202 2142 261 2200 mo,
276 2140 370 2207 quum
385 2119 464 2186 lueis
480 2122 606 2187 Hecate
621 2122 763 2207 prefecit
778 2124 923 2202 Auernis,

72 2202 198 2295 Ipsa
210 2222 304 2289 deum
317 2246 428 2311 poenas
442 2224 559 2305 docuit,
573 2245 693 2312 perque
708 2228 814 2290 omnia
828 2225 928 2289 duxlt.
943 2242 985 2311 y.

73 2310 256 2393 Gnosius
271 2330 340 2395 hec
355 2326 618 2395 Rhadamanthus
633 2329 730 2396 habet
743 2329 908 2395 durissima
921 2350 1036 2416 regna3

78 2412 324 2519 Castigatque
338 2430 488 2517 auditque
502 2430 602 2512 dolos,
615 2430 793 2519 subigitque
808 2432 900 2496 fateri

81 2516 203 2603 Qua
216 2539 286 2621 quis
302 2534 386 2622 apud
401 2530 638 2629 superos‚liurto
654 2534 774 2600 letatus
790 2539 922 2637 inani‚q

81 2614 249 2703 Distulit
263 2643 296 2705 in
310 2660 415 2705 seram
428 2643 596 2705 commissa
610 2639 737 2726 piacula
752 2653 894 2704 mortem·

79 2720 276 2808 Continuo
289 2758 395 2808 sontes
410 2741 505 2808 ultrix
520 2744 663 2808 accincta
678 2740 802 2829 flagello

82 2822 294 2933 Tisiphone
309 2850 409 2933 quatit
424 2847 593 2927 insultans3
615 2860 775 2931 tortosque
790 2847 916 2917 sinistra

85 2924 277 3015 ¹1lteutans
292 2971 419 3037 angues,
433 2963 526 3015 vocat
540 2951 664 3037 agmina
679 2970 763 3013 sava
779 2970 930 3013 sororum.

83 3026 203 3119 Tum
217 3053 343 3120 demum
359 3054 522 3119 horrisono
537 3055 705 3119 stridentes
719 3053 850 3119 cardine
866 3070 964 3117 sacrae

88 3130 302 3221 Panduntur
315 3171 426 3243 porte.
469 3157 582 3222 Cernis
597 3156 739 3220 custodia
755 3156 857 3241 qualit

86 3232 287 3325 Vesthuto
301 3259 432 3324 sedenti
453 3260 552 3325 facies
566 3281 636 3345 quae
652 3259 758 3323 limina
773 3262 897 3324 servet?

92 3340 353 3450 Quinquaginta
369 3367 445 3428 atris
460 3362 604 3427 immanis
619 3362 757 3427 hiatibus
773 3362 893 3449 Hydra

74 3542 79 3549 Ι
99 3444 241 3530 Senior
253 3471 335 3532 intus
350 3466 447 3531 habet
461 3466 589 3531 sedem:
613 3480 677 3531 tum
693 3467 845 3531 Tartarus
861 3470 930 3553 ipse

49 3554 85 3645 *l
103 3544 178 3627 Bis
193 3583 274 3655 patet
288 3574 321 3635 in
336 3590 479 3657 praeceps
493 3568 799 3675 tantumlltenditque
814 3572 872 3634 sub
887 3570 1026 3653 umbras,

107 3654 260 3741 Quotus
273 3674 315 3741 ad
329 3674 494 3740 aetherium
508 3673 581 3739 coti
596 3688 757 3761 suspectus
772 3675 956 3762 Olympum.

10 3800 12 3807 ·
109 3754 193 3840 uie
205 3798 298 3865 gersus
311 3783 474 3865 antiquum
488 3781 609 3860 Terra,
624 3770 752 3844 Titania
766 3779 876 3865 puber,

118 3858 261 3947 Fuluiae
274 3880 402 3971 dejecti,
414 3881 511 3948 tundo
525 3880 691 3948 volvuntur
706 3888 737 3947 in
753 3886 827 3947 imo.

124 3962 196 4045 His
207 3998 235 4049 et
248 3984 378 4051 Aloidas
392 3989 543 4074 geminos,
557 3987 713 4066 immania,
728 3985 805 4066 vidi,

129 4064 272 4171 (ἥρωα,
285 4092 341 4176 qui
354 4089 500 4154 manibus
514 4109 658 4176 magnum
674 4089 854 4154 rescindere
869 4086 984 4153 coelum

135 4174 276 4273 AEgressi,
288 4195 474 4279 superisque
488 4192 601 4257 Jovem
615 4191 784 4257 detrudere
800 4192 915 4279 regnis.

136 4272 205 4356 Vidi
215 4308 244 4359 et
255 4294 402 4363 madeles
416 4297 544 4363 dantem
559 4295 725 4361 Saluionea
740 4317 861 4382 peenas,

142 4374 208 4459 Dm
220 4396 356 4465 domnas
369 4398 460 4465 Jovis
474 4412 506 4465 et
519 4401 638 4464 sonitus
652 4402 791 4463 imitatur
804 4397 945 4484 Olympi.

144 4482 258 4571 Quor
270 4500 323 4571 hic
337 4506 482 4569 invectus
495 4503 596 4589 equis,
609 4515 641 4569 et
655 4499 805 4587 lampada
820 4518 982 4588 quassans,

422 4612 466 4671 80
