2890 5002
629 411 747 478 mue
765 413 815 476 Ill.

224 570 290 636 Aut
304 583 427 636 mosum
442 567 518 632 tristi
533 567 709 652 contingant
719 587 832 654 corpur
847 567 983 646 amere,

224 677 271 744 Et
285 696 410 762 spumae
424 674 556 740 miscent
570 676 697 760 argenti,
712 675 841 761 vivaque
857 673 982 753 sulfura,

226 782 385 866 {deusque
401 779 499 865 pices,
515 793 546 844 et
561 780 690 865 pingues
704 781 837 864 unguine
852 801 952 859 ceras,
1195 783 1261 848 450

227 887 428 974 Scillumque,
445 885 657 971 elleborosque
674 893 793 971 gretes,
808 887 989 972 nigrumque
1000 885 1149 951 bitumen.

225 994 300 1060 Non
317 1009 418 1058 tamen
434 991 496 1056 ulla
511 988 609 1076 magis
622 1011 757 1078 presens
771 989 891 1058 ortena
905 992 1045 1058 luborum
1057 1004 1114 1070 eat,

225 1096 333 1174 Quium
348 1098 373 1161 si
389 1095 552 1181 quiescere
566 1097 665 1178 putuit
679 1096 858 1162 rescindere
873 1117 1026 1162 sununum

228 1200 355 1268 Ulceris
367 1223 402 1264 os
415 1225 424 1264 z
446 1200 534 1268 alitur
549 1199 666 1275 vitium,
680 1200 815 1283 vivitque
830 1200 976 1284 tegendo,

231 1303 319 1372 Dum
333 1305 469 1370 medices
484 1287 630 1370 adhibere
646 1323 756 1368 manus
770 1303 811 1369 ad
822 1305 949 1370 vulnera
963 1318 1069 1390 peston
1194 1310 1258 1377 tet

232 1413 382 1498 Abnegat,
399 1426 450 1477 eut
463 1410 591 1476 meliora
606 1409 682 1476 dece
697 1410 788 1476 sedet
801 1411 907 1476 omina
924 1433 1071 1497 poscms.
1164 1453 1167 1458 ι

230 1519 314 1596 Quin
331 1520 434 1596 etiam,
450 1519 511 1582 ime
526 1515 613 1582 dulor
627 1515 783 1582 bdautum
797 1516 902 1602 lapsus
916 1518 955 1582 ed
971 1539 1042 1584 osea

228 1621 336 1700 Quum
353 1622 433 1701 furit,
448 1617 541 1706 etque
556 1635 639 1686 artur
654 1622 829 1708 depascitur
844 1623 930 1688 eride
944 1622 1048 1703 febris,

224 1730 348 1796 Proluit
364 1731 504 1794 incensos
519 1743 608 1794 estus
622 1743 773 1808 avertere,
789 1745 820 1796 et
835 1733 913 1796 iuter

223 1837 293 1902 ime
307 1835 401 1900 ferire
415 1836 505 1922 pedis
519 1836 678 1902 rubentem
692 1838 843 1922 sunguine
858 1856 981 1915 uenam,
1196 1839 1260 1903 460

226 1941 351 2008 Bisulte
367 1961 429 2026 que
442 1961 529 2006 mere
545 1943 654 2020 solent,
670 1962 804 2028 acerque
821 1943 969 2022 Gelonus,

226 2049 333 2126 Quum
348 2047 424 2134 sugit
438 2050 469 2114 iu
485 2049 672 2136 Rhodopen,
688 2067 780 2135 atque
796 2050 826 2114 in
841 2051 963 2116 deserte
979 2046 1140 2130 Genuum

227 2151 271 2218 Et
285 2155 334 2220 lec
349 2168 528 2220 concretum
543 2176 615 2220 oum
628 2139 775 2241 sengirine
792 2170 877 2242 potat
891 2158 1016 2244 equino.

271 2261 376 2338 Quum
391 2262 500 2346 procul
513 2278 565 2327 aut
579 2262 661 2330 moll
677 2265 849 2329 succedere
864 2261 973 2349 sepite
988 2263 1104 2328 umbre

226 2363 362 2444 Videris,
379 2381 430 2433 eut
444 2387 580 2434 eumenus
592 2383 772 2454 carpentem
787 2367 925 2454 igneriire
940 2369 1062 2448 herbas,
1196 2373 1260 2436 tte

228 2470 472 2558 Extremumque
487 2476 586 2559 sequi,
602 2488 656 2538 aut
668 2475 773 2538 medio
787 2473 992 2558 procumbere
1006 2493 1118 2558 cumpo

231 2577 425 2654 Pascentem,
440 2593 472 2644 et
486 2599 563 2646 sere
577 2580 675 2645 solem
690 2579 847 2644 decedere
861 2579 968 2656 nocti;

230 2681 385 2746 Continui»
399 2683 521 2767 culpem
536 2683 619 2747 ferro
633 2701 813 2769 compesce,
826 2683 1005 2767 priusquam

229 2786 306 2851 Dire
321 2807 376 2872 per
392 2788 546 2852 mceutum
562 2800 686 2871 serpent
699 2785 841 2870 contngie
854 2785 974 2870 vulgus.

227 2892 301 2958 Non
316 2907 380 2956 tam
393 2892 503 2958 creber
517 2875 612 2973 egene
621 2890 757 2955 hiemem
771 2891 831 2954 ruit
845 2910 969 2976 equore
983 2889 1084 2970 nubo,
1195 2898 1260 2958 tto

229 2995 333 3072 Quem
348 2996 449 3061 multe
463 2995 618 3080 pecudum
633 3008 759 3078 pestes:
781 3014 841 3062 nec
854 2995 974 3080 singule
987 2997 1086 3070 morbi

230 3099 370 3186 Corpora
382 3099 559 3185 corripiunt,
572 3100 627 3164 sed
643 3110 706 3162 tote
721 3098 823 3162 uetiee
833 3099 972 3183 repente,

227 3205 388 3291 Spemque
403 3224 589 3290 gregemque
605 3202 706 3282 simul,
717 3216 921 3288 cunctamque
936 3204 976 3268 ub
990 3206 1106 3290 origine
1121 3221 1255 3294 gentem.

270 3308 356 3374 Tum
371 3311 458 3388 sciet,
474 3309 574 3372 aeriae
588 3306 685 3392 Alpes
700 3319 731 3374 et
745 3306 862 3372 Norica
877 3308 982 3392 siquis

226 3412 365 3482 castelle
380 3415 411 3478 iu
425 3413 558 3492 tumulis,
575 3426 606 3476 et
620 3409 745 3497 Iapydis
759 3433 831 3476 areu
845 3411 979 3490 Timeri,
1191 3421 1256 3483 475

226 3521 322 3589 Nunc
339 3541 462 3606 quoque
476 3519 545 3605 pdet
560 3533 643 3586 tanto
657 3519 771 3597 videet,
787 3517 971 3604 desertaque
985 3539 1081 3606 regne

214 3627 405 3706 fastorum,
421 3639 452 3690 et
467 3625 556 3710 longe
572 3627 666 3692 saltus
680 3625 802 3711 lateque
818 3639 973 3692 vacantes.

272 3731 335 3798 Hic
351 3735 506 3819 quendem
521 3733 628 3798 morbo
643 3733 714 3798 coeli
729 3732 902 3798 miserande
916 3745 1020 3798 coorta
1034 3747 1081 3799 eet

225 3837 424 3924 Tempestas,
440 3851 563 3924 totoque
579 3838 713 3904 autumni
728 3837 884 3902 incanduit
898 3849 983 3916 mser,

227 3939 273 4008 Et
287 3963 383 4026 genus
398 3963 489 4008 omne
505 3944 575 4008 neci
591 3943 745 4028 pecudum
761 3941 857 4020 dedit,
872 3963 963 4008 omne
978 3931 1122 4022 serarum,
1189 3949 1254 4012 480

225 4043 434 4134 Corrupitque
449 4048 546 4128 lacus,
561 4048 666 4116 iniecit
681 4047 792 4132 pabule
806 4047 888 4114 tabo.

223 4151 298 4219 Nec
313 4153 363 4218 via
377 4155 484 4221 mortis
498 4170 564 4224 eret
578 4154 708 4242 simplex
720 4177 731 4236 ;
753 4155 809 4222 sed
825 4153 875 4219 ubi
890 4154 982 4240 ignee
993 4155 1078 4220 renis
