2648 5288
518 112 634 172 LIBER
654 115 702 173 Xl.

160 263 265 327 Prima
281 263 367 349 fugit,
381 262 509 329 domini
523 265 645 347 amissa,
661 266 739 332 levis
755 267 806 333 ala
821 268 980 353 Camilloe3

100 365 251 432 Turbati
266 367 384 454 lugiunt
399 366 526 449 Rutuli;
546 369 623 455 urgit
635 374 711 435 acer
723 370 853 453 Atinam

96 466 313 557 Disjectique
326 468 425 535 duces
438 468 633 557 desolatique
646 472 775 558 manipli
1095 483 1158 542 870

98 570 199 639 ‘l'uta
212 585 332 659 petunt,
345 586 379 637 et
391 572 480 659 equis
493 575 596 639 aversi
610 572 653 639 ad
667 574 783 639 muenia
795 573 936 641 tendunt.

105 674 185 741 Nec
199 678 367 763 quisquam
380 679 530 743 instantes
544 676 686 741 Teucros
701 677 859 764 letumque
874 678 1009 745 serentes

109 784 299 847 Smtenure
313 779 399 847 valet
412 779 493 861 telis,
506 794 560 845 aut
573 784 685 846 sistere
698 782 829 862 contra3

108 882 179 951 sed
192 883 284 949 laxos
297 883 436 949 referunt
449 884 586 949 humeris
600 882 817 971 languentibus
833 907 924 951 arcus
935 914 944 967 3

105 984 422 1072 Quadrupudumque
432 997 555 1072 putrem
565 1007 660 1050 cursu
670 986 769 1071 quatit
779 986 893 1074 ungula
903 1010 1061 1075 campum.
1093 996 1156 1055 875

109 1088 264 1157 Volvitur
278 1087 320 1155 ad
333 1110 437 1155 murus
450 1088 586 1174 caligine
600 1088 743 1154 turbidus
758 1090 829 1155 atra

115 1192 241 1273 Pulvis3
262 1202 293 1257 et
306 1212 326 1257 e
338 1190 477 1278 speculis
490 1212 647 1276 percussa
661 1204 792 1277 pectora
805 1206 922 1259 matres

116 1293 310 1361 Foemineum
323 1294 492 1361 clamorem
507 1294 549 1359 acl
563 1294 637 1359 coeli
651 1295 756 1361 sidera
770 1295 891 1361 tollunt.

114 1397 177 1482 Qui
189 1420 284 1464 cursu
296 1412 405 1485 portas
416 1398 511 1484 primi
524 1396 668 1483 irrupere
682 1412 834 1483 patentes,

117 1500 329 1595 Hminimica
340 1522 435 1587 super
448 1501 546 1565 mixto
559 1501 808 1587 premitagmine
823 1501 936 1567 turba:
1091 1509 1155 1567 880

116 1604 184 1673 list:
196 1598 344 1673 miseram
357 1604 506 1694 effugiunt
519 1619 670 1687 mortem,
692 1606 748 1672 sed
762 1608 868 1673 limine
882 1609 914 1673 in
929 1611 1007 1695 ipsu,

115 1710 274 1779 lloenibns
288 1712 320 1777 in
332 1714 454 1797 patriis,
468 1724 560 1797 atque
574 1714 655 1777 inter
668 1724 734 1777 tuta
748 1711 921 1795 domorum,

118 1814 241 1881 Conlixi
254 1819 416 1903 exspirant
430 1817 560 1881 animas.
605 1818 682 1881 Pars
695 1817 844 1882 claudere
858 1830 982 1904 portas;

118 1918 184 1987 Nec
197 1922 292 1987 sociis
304 1921 428 2009 aperire
441 1925 535 2002 viam,
549 1943 607 1985 nec
622 1923 776 1986 moenibus
789 1922 906 1987 audent

118 2025 271 2110 Accipere
285 2038 429 2105 orantes3
450 2028 610 2109 oriturque
625 2025 797 2089 miserrima
813 2025 917 2090 caedes
1089 2036 1150 2093 885

119 2124 348 2195 Defendenttim
359 2129 453 2193 armis
466 2127 580 2206 aditus,
595 2130 688 2210 inque
704 2127 960 2192 armamentum.

119 2230 256 2311 Exclusi,
270 2242 342 2297 ante
356 2230 463 2295 oculos
477 2230 768 2315 lacrymantumque
782 2250 840 2293 ora
854 2232 1027 2314 parentum,

119 2334 558 2419 Parsinpraecipiteslossas,
573 2342 701 2417 urgente
716 2330 816 2412 ruina,
1047 2312 1058 2327 ¹

119 2428 285 2515 Volvitur3
305 2434 449 2499 immissis
463 2455 538 2519 pars
552 2452 639 2498 caeca
654 2445 685 2496 ct
699 2433 822 2498 concita
838 2434 946 2499 lraenis

119 2536 407 2623 Arietatinportas
421 2551 452 2601 et
465 2537 561 2601 duros
575 2538 678 2624 objice
692 2550 809 2623 postes.
1087 2548 1149 2609 890

119 2638 195 2727 lpste
209 2638 250 2707 de
264 2644 361 2705 muris
374 2661 493 2705 summo
507 2643 678 2705 certamine
692 2654 808 2706 matres

119 2742 291 2823 (Monstrat
304 2764 392 2807 amor
406 2764 497 2807 verus
512 2741 643 2827 patria)
658 2756 692 2807 ut
705 2743 816 2810 videre
831 2745 1007 2831 Camillam,

120 2844 196 2911 Tela
209 2867 305 2911 manu
318 2844 448 2931 trepidae
459 2845 588 2931 jaciunt,
603 2866 641 2910 ac
656 2846 770 2911 robore
785 2848 865 2913 duro

121 2948 278 3039 Stipitibus
291 2948 408 3014 serrum
422 2949 614 3034 sudibusque
628 2950 786 3014 imitantur
799 2952 919 3019 obustis

123 3050 308 3141 Praecipites,
321 3058 494 3140 primaeque
509 3053 586 3116 mori
600 3075 659 3138 pro
673 3055 828 3119 moenibus
844 3056 966 3124 ardent.
1085 3071 1146 3130 895

157 3156 280 3225 Interea
294 3158 435 3222 'l'urnum
450 3161 482 3221 in
497 3155 581 3219 silvis
595 3156 779 3221 saevissimus
794 3158 901 3245 implet

123 3258 259 3341 Nuntius,
272 3274 304 3327 et
313 3260 421 3348 juveni
435 3260 589 3345 ingentem
603 3258 664 3323 tert
678 3262 767 3324 Acca
782 3262 962 3327 tumultum:

124 3358 246 3431 Deletas
259 3362 449 3430 Volscorum
464 3364 558 3442 acies,
571 3361 724 3428 cecidisse
738 3364 916 3447 Camillam,

127 3464 265 3555 lngnrere
278 3468 415 3533 intensos
430 3466 544 3545 hostes,
559 3480 590 3531 et
604 3466 706 3531 Marte
721 3467 861 3534 secundo

125 3566 231 3639 0mnia
242 3572 431 3658 corripuisse
444 3596 454 3650 3
475 3583 590 3636 metum
600 3572 667 3656 jam
682 3570 723 3635 ad
737 3575 854 3635 moenia
869 3573 954 3637 ferri.

126 3668 173 3737 llle
185 3674 291 3741 iurens
304 3674 355 3754 (et
368 3694 452 3739 saeva
465 3673 554 3738 lovis
568 3673 613 3737 sic
626 3676 753 3738 numina
772 3677 921 3759 poscunt)

124 3766 399 3843 bucciletum
412 3775 519 3855 colles,
532 3796 661 3843 nemora
675 3796 787 3861 aspera
801 3774 921 3860 linquit.
