2890 5002
182 431 238 486 tlt
627 425 817 487 AENsinos

224 575 264 640 Et
278 591 371 640 vacet
387 576 515 642 annales
531 589 707 642 nostrorum
723 575 835 642 audire
850 575 1007 656 laborum,

226 681 307 744 Ante
322 679 406 743 diem
422 680 530 744 clauso
544 693 710 765 componet
727 680 855 764 Vesper
869 679 1036 768 Olympo,t

226 783 292 848 Nos
306 783 403 869 TrojA
418 781 555 867 antiqui,
570 785 598 846 si
612 795 733 848 vestras
748 783 828 848 sorte
843 805 901 868 per
916 771 1015 848 aures
1022 771 1026 779 ¹
1204 792 1268 850 375

227 888 329 974 Trojae
345 909 457 952 nomen
473 890 517 964 iit,
533 884 661 950 diversa
676 907 734 970 per
749 906 876 970 equora
891 899 999 954 vectos

227 991 320 1054 Forte
335 989 391 1054 suti
406 991 540 1075 Libycis
556 1003 725 1074 tempestas
741 987 862 1075 appulit
877 992 952 1054 oris.

228 1093 301 1158 Sum
317 1095 387 1178 pius
403 1092 528 1171 Encas,
542 1105 649 1176 raptos
665 1095 719 1177 qui
736 1113 776 1157 ex
792 1092 880 1156 hoste
897 1091 1031 1158 Penates

227 1194 338 1260 Classe
352 1196 435 1260 veho
450 1217 582 1274 mecum,
597 1194 680 1259 fama
695 1217 789 1279 super
805 1194 921 1260 ethera
936 1209 1037 1262 notus.

227 1298 348 1363 ltaliam
364 1319 468 1384 quaro
483 1300 628 1384 patriam,
642 1317 740 1382 genus
756 1297 798 1362 ab
811 1296 893 1361 Jove
908 1319 1046 1362 summo:
1199 1305 1261 1364 ³80

229 1401 283 1466 Bis
300 1401 389 1465 denis
406 1401 580 1486 Phrygium
596 1398 767 1466 conscendi
782 1401 916 1466 navibus
932 1421 1047 1486 equor,

229 1505 332 1568 Matre
347 1504 408 1568 dea
423 1517 614 1568 monstrante
628 1503 814 1583 viam‚‹data
829 1505 895 1570 iata
909 1519 1052 1584 secutast

228 1607 295 1672 Vix
310 1619 429 1692 septem
444 1605 600 1670 convulso
615 1605 707 1670 undis
722 1607 872 1693 Euroque
886 1621 1063 1693 supersunt.

228 1710 298 1795 lpse
314 1714 445 1796 ignotus,
461 1731 565 1796 egens,
580 1709 693 1795 Libye
709 1709 834 1776 deserta
849 1731 996 1797 peragro,
1103 1768 1106 1776 .

227 1813 353 1899 Europa
369 1827 462 1896 atque
477 1811 554 1877 Asiti
568 1811 686 1898 pulsus.
731 1813 800 1878 Nec
815 1813 907 1900 plura
922 1827 1106 1899 querentem
1202 1821 1264 1880 385

229 1917 325 1980 Passa
340 1915 459 1994 Venus,
474 1914 578 1980 medio
594 1918 646 2010 sic¹
655 1915 804 1982 interfata
818 1915 928 1982 dolore
943 1929 1009 1982 est:

268 2020 417 2102 Quisquis
432 2039 476 2096 es,
491 2016 586 2096 haud,
600 2017 712 2096 credo,
723 2021 841 2082 invisus
856 2018 1038 2084 coelestibus
1054 2040 1148 2086 auras

227 2117 351 2182 Vitales
366 2121 482 2204 carpis,
496 2118 632 2202 Tyriam
647 2121 702 2202 qui
717 2116 885 2184 adveneris
900 2119 1023 2186 urbemi

227 2223 327 2306 Perge
342 2218 554 2304 modiumque
570 2217 644 2286 hinc
660 2232 690 2286 te
705 2222 820 2305 regine
835 2218 877 2284 ed
892 2219 1001 2284 limina
1016 2223 1162 2314 pariendi

227 2323 371 2408 Namque
387 2321 711 2390 tibitreducestsoeios
726 2322 924 2408 classemque
938 2321 1072 2392 relatam
1205 2329 1266 2388 390

226 2427 354 2506 Nuntio,
369 2439 400 2490 et
414 2430 446 2490 in
459 2438 559 2490 tutum
574 2429 676 2490 versis
691 2424 901 2510 Aquilonibus
916 2439 1039 2505 ectam3

227 2529 268 2595 Ni
284 2531 398 2593 frustra
414 2531 577 2614 augurium
592 2531 666 2592 vani
682 2525 823 2592 docuere
837 2540 997 2612 parentes.

226 2632 364 2718 Adspice
379 2633 429 2696 bis
444 2653 536 2696 senos
551 2628 693 2694 letantes·
707 2633 832 2716 agmine
847 2652 978 2715 cycnos,

226 2735 368 2802 AEtherid
383 2755 462 2820 quos
476 2733 567 2820 lapsa
580 2731 779 2820 plagi-iovis
794 2731 862 2797 ales
876 2746 989 2819 aperto

225 2839 392 2905 'liubabat
406 2836 505 2904 coelot
529 2857 611 2902 nime
627 2849 729 2902 terras
743 2835 855 2902 ordine
871 2835 963 2924 longo

226 2945 288 3007 Aut
303 2962 428 3025 capere,
443 2951 496 3004 aut
510 2951 621 3024 captas
631 2941 700 3025 jam
715 2937 903 3024 despectare
918 2939 1075 3010 videntur.

228 3043 418 3109 Utreduces
434 3042 481 3107 illi
496 3041 605 3108 ludunt
620 3039 826 3109 stridentibus
840 3041 911 3124 alis,

227 3147 268 3212 Et
282 3159 364 3211 coetu
379 3143 511 3212 cinxere
525 3143 642 3230 polum,
657 3158 831 3232 cantusque
845 3145 986 3227 dedire3

228 3250 325 3316 Haud
341 3249 433 3314 aliter
447 3269 631 3334 puppesque
646 3259 714 3328 tute,
729 3249 893 3336 pubesque
908 3263 1042 3331 morunt,

226 3356 289 3420 Aut
303 3365 426 3439 portum
442 3363 536 3429 tenet,
550 3363 604 3416 aut
617 3349 712 3435 pleno
726 3351 810 3418 subit
824 3355 906 3420 ostia
920 3351 1003 3418 velo.

229 3459 326 3543 Perge
341 3453 445 3533 modo,
459 3467 491 3519 et
506 3453 568 3539 quA
583 3467 613 3518 te
628 3453 716 3520 ducit
730 3457 784 3520 via
798 3455 900 3542 dirige
914 3477 1067 3543 gressum.

268 3557 371 3635 Dixit,
385 3569 415 3620 et
430 3567 576 3622 avertens
591 3555 683 3622 rosea
697 3559 825 3622 cervice
839 3557 973 3640 refulsit,

226 3660 463 3746 Ambrosiaeque
477 3680 573 3726 come
588 3658 729 3728 divinum
743 3663 864 3726 vertice
877 3661 1009 3731 odorem

228 3761 415 3850 Spiravdre3
437 3761 535 3848 pedes
549 3765 646 3830 vestis
660 3760 792 3830 deiiumt
806 3762 848 3828 ad
862 3766 960 3845 imos;

227 3866 268 3932 Et
281 3885 357 3928 vera
373 3867 497 3929 incessu
511 3867 612 3950 patuit
626 3862 699 3932 dea.
717 3862 790 3944 lile,
803 3865 859 3932 ubl
873 3879 1004 3936 matrem

229 3971 376 4056 Agnovit,
390 3967 446 4033 tali
461 3968 631 4055 fugientem
646 3981 693 4036 est
707 3989 787 4034 voce
801 3982 956 4048 secutast¹

227 4071 312 4156 Quid
327 4085 433 4138 natum
448 4074 549 4154 toties,
563 4069 702 4142 ensdelis
717 4085 749 4139 tu
764 4094 898 4166 quoque,
912 4073 1000 4144 labis
