2756 5010
239 459 298 514 220
686 451 876 516 mutnus

327 629 460 706 Talibus
475 652 515 696 ex
530 629 630 717 adyto
644 631 737 696 dictis
753 631 883 697 Cumaea
902 629 1025 720 Sibylla

284 732 474 800 Horrendus
489 733 573 799 canit
587 735 748 821 ambages,
763 747 914 820 antroque
929 737 1069 823 remugit,

285 836 440 903 Obscuris
455 859 532 902 vera
547 835 729 906 involvens:
753 859 793 904 ea
807 837 905 903 frena
920 839 1034 904 furenti
1221 833 1253 894 ill

285 939 442 1023 Concutit,
457 955 489 1008 et
502 939 714 1025 stimuloqsub
728 953 856 1028 pectore
869 945 974 1022 vertit,
988 939 1109 1028 Apollo.

286 1039 332 1110 Ut
344 1043 479 1133 primirm
485 1023 588 1111 ‘cessit
602 1032 697 1126 sur'or,
712 1057 744 1108 et
757 1043 871 1109 rabida
885 1065 942 1110 ora
957 1045 1110 1132 quidnmt,

285 1147 398 1236 incipit
414 1149 529 1214 AEnees
544 1148 655 1214 heroes
678 1147 749 1211 Non
764 1147 828 1212 ulla
843 1147 998 1230 laborum,

284 1250 314 1315 Ο
329 1255 427 1340 virgo,
442 1273 525 1318 nova
538 1251 583 1316 ml
597 1250 694 1316 facies
709 1253 876 1336 inopinave
891 1253 1013 1337 surgit:

285 1354 398 1419 Omnia
414 1355 562 1442 praecepi,
577 1367 671 1438 atque
686 1355 791 1418 animo
805 1373 927 1418 mecum
943 1353 1015 1418 ante
1029 1353 1142 1440 peregi
1230 1347 1263 1406 1⁰⁵

283 1453 389 1521 Unum
404 1477 480 1520 oro:
503 1454 630 1541 quando
645 1453 697 1518 hic
713 1455 827 1519 inferni
838 1455 936 1541 janua
950 1459 1034 1540 regis

283 1557 419 1640 Dicitur,
434 1573 465 1624 et
481 1559 648 1623 tenebrosa
662 1555 753 1642 palus
768 1556 947 1622 Acheronte
962 1557 1076 1636 relitso,

284 1660 334 1724 lre
350 1660 391 1724 ad
406 1675 607 1748 conspectum
622 1660 688 1724 cari
702 1661 853 1746 genitoris
867 1671 899 1723 et
913 1679 971 1722 orn

262 1761 452 1852 ,Contingat
463 1789 471 1843 3
481 1762 610 1854 ,doceas
626 1765 695 1843 iter,
710 1775 742 1826 et
755 1782 848 1826 sacra
862 1765 943 1826 ostia
957 1759 1090 1846 pandos.

284 1863 373 1930 lllum
389 1887 447 1951 ego
462 1887 520 1951 per
535 1866 676 1930 flammas
690 1877 721 1928 et
735 1863 820 1928 mille
836 1863 999 1948 sequentia
1013 1863 1077 1928 tela
1235 1853 1273 1914 11⁰
1320 1857 1322 1944 l,

283 1967 396 2052 Eripui
411 1968 458 2032 his
474 1968 622 2046 humeriS,
637 1964 802 2051 medioque
818 1989 859 2030 ex
875 1966 963 2030 hoste
977 1969 1103 2052 recepi;

283 2067 349 2150 llle,
365 2091 466 2134 meum
482 2070 645 2134 comitatus
661 2069 729 2148 iter,
745 2069 845 2134 maria
859 2068 963 2133 omnia
981 2089 1113 2147 meeum,

283 2175 387 2258 Atque
402 2193 510 2237 omnes
524 2169 691 2258 pelagique
707 2173 808 2236 minas
823 2169 960 2255 caelique
975 2171 1099 2235 ferebat

284 2273 453 2355 invalidus,
469 2278 552 2338 vires
568 2271 648 2337 ultra
663 2285 840 2357 sortemque
855 2285 1000 2337 senecte.
1329 2320 1330 2342 ,

283 2376 378 2459 Quin,
392 2389 426 2440 ut
441 2389 471 2440 te
486 2374 618 2462 supplex
633 2389 784 2460 peterem,
798 2387 829 2438 et
843 2386 896 2439 tuo
911 2373 1019 2439 limina
1033 2371 1163 2455 adirem,
1243 2367 1280 2431 11⁵
1330 2370 1332 2448 ζ

284 2477 371 2544 Idem
387 2501 480 2544 orans
495 2477 643 2544 mandata
658 2476 766 2543 dabat.
810 2476 948 2562 Natique
963 2478 1136 2561 petrisque,
1332 2474 1333 2500 ¹

285 2580 388 2662 Alma,
403 2603 526 2668 precor,
541 2582 706 2646 miserere:
729 2591 818 2666 potes
832 2598 968 2664 namque
982 2568 1105 2658 otnn'ia3
1129 2599 1184 2645 nec
1196 2589 1222 2639 te

285 2683 509 2770 Nequidquam
523 2683 602 2748 lucis
617 2683 742 2749 Hecate
757 2682 897 2769 prefecit
911 2680 1056 2746 Auernis.

163 2857 165 2862 ,
286 2786 320 2850 Si
333 2790 433 2872 potuit
449 2787 560 2851 Manes
575 2807 736 2851 arcessere
751 2787 892 2872 conjugis
906 2783 1062 2870 Orpheus,

286 2889 439 2955 Threicii
453 2890 550 2952 fretus
564 2889 688 2952 citharis
703 2887 879 2974 fidibusque
893 2889 1040 2967 canoris3
1250 2877 1292 2945 iffi

287 2993 320 3056 Si
335 2992 464 3055 fratrem
479 2987 591 3052 Pollux
607 2987 729 3056 alterna
744 3004 842 3056 morte
857 2989 1001 3072 redemit,

287 3099 376 3182 ltque
390 3093 533 3180 reditque
549 3095 631 3160 viam
646 3099 758 3160 toties:
781 3096 858 3182 quid
873 3095 1011 3175 Thesea,
1025 3115 1173 3183 magnum

285 3198 369 3283 Quid
385 3219 554 3264 memorem
569 3197 726 3264 Alciden?
747 3211 778 3264 et
792 3199 837 3264 mi
850 3221 947 3287 genus
961 3199 1004 3265 ab
1017 3199 1100 3264 Jove
1114 3193 1272 3267 summai*

329 3300 463 3366 Talibus
477 3303 590 3368 orabat
604 3302 707 3384 dictis,
722 3323 858 3387 arasque
872 3303 1020 3383 tenebat,

287 3405 389 3488 Quum
404 3405 449 3469 sic
464 3427 536 3471 orsa
552 3405 638 3492 loqui
651 3418 760 3472 vates:
784 3405 858 3470 Sate
873 3409 1023 3493 sanguine
1037 3405 1158 3488 divum,
1259 3405 1303 3467 125

287 3508 370 3574 Tros
385 3507 587 3592 Anchisiade,
601 3509 701 3574 facilis
715 3507 886 3574 descensus
900 3512 1026 3575 Averno
1041 3523 1109 3592 est,

285 3609 403 3676 Noctes
418 3625 511 3696 atque
526 3611 595 3678 dies
610 3625 697 3699 patet
711 3612 771 3676 atri
781 3613 880 3699 janua
894 3611 980 3678 Ditis
994 3636 1002 3676 ι

286 3711 350 3778 Sed
364 3735 516 3779 revocare
530 3715 672 3802 pedum,
687 3735 880 3802 superasque
895 3714 1035 3781 evadere
1050 3716 1092 3782 ad
1107 3739 1214 3801 auras,

286 3817 361 3884 Hoc
375 3839 463 3904 opus,
477 3817 530 3884 hic
545 3818 636 3884 labor
651 3832 709 3884 est.
753 3819 862 3900 Pauci,
877 3839 955 3903 quos
969 3839 1079 3906 aequus
1093 3827 1214 3888 amavit

285 3921 420 4004 Jupiter,
435 3932 488 3984 aut
502 3919 618 3986 ardens
632 3925 737 3988 evexit
752 3921 794 3986 ad
808 3921 925 3986 ethera
940 3925 1048 4003 virtus,
1266 3925 1314 3990 tst

285 4021 347 4086 Dis
360 4023 467 4108 geniti,
481 4021 623 4108 potuere.
667 4024 789 4090 Tenent
804 4023 907 4090 media
922 4029 1026 4092 omnia
1040 4025 1134 4110 silum,

286 4123 489 4215 Cocytusque
504 4131 574 4194 sinu
588 4127 698 4196 labens
712 4130 917 4196 circumvenit
931 4143 1011 4197 atro

85 4617 88 4654 ξ

86 4655 89 4679 ι
