2648 5288
1244 492 1265 535 tt

507 796 624 859 LIBER
643 798 678 859 V.

82 952 238 1034 interior,
251 953 416 1039 spatioque
431 951 515 1017 subit
530 954 693 1040 Sergestus
706 955 824 1041 iniquo,

83 1054 207 1121 Infelix
222 1058 309 1121 saxis
324 1058 356 1123 in
369 1057 625 1143 procurrentibus
640 1058 740 1124 haesit.

84 1156 265 1227 Concussae
278 1176 399 1243 cautes,
414 1177 446 1227 et
460 1177 553 1227 acuto
566 1164 597 1227 in
611 1165 730 1229 murice
745 1165 823 1229 remi
978 1202 982 1211 ·
1073 1171 1135 1231 905

88 1260 212 1331 obnixi
222 1266 388 1354 crepuere,
402 1263 548 1350 iilisaque
561 1286 656 1352 prora
670 1267 831 1354 pependit.

93 1363 294 1459 Consurgunt
308 1384 423 1451 nautae,
437 1383 469 1435 et
482 1392 595 1456 magno
609 1370 747 1436 clamore
762 1385 942 1437 morantur:

98 1468 303 1560 ferratasque
317 1473 426 1540 trudes
440 1487 472 1538 et
485 1472 579 1538 acuti
592 1473 724 1559 cuspide
737 1486 847 1539 contos

104 1570 296 1661 Expediunt3
316 1578 496 1661 tractosque
511 1576 615 1663 legunt
629 1579 660 1640 in
675 1581 796 1663 gurgite
810 1570 967 1669 remos-3(

116 1678 240 1745 tintus
255 1679 448 1759 Mnestheus,
462 1700 673 1764 successuque
687 1683 792 1745 aerior
806 1683 886 1768 ipso,
1072 1690 1133 1749 910

122 1782 227 1867 ugone
240 1804 397 1849 remorum
411 1783 518 1862 celeri,
533 1787 696 1868 ventisque
710 1787 840 1864 vocatis,

126 1880 204 1950 Pteria
215 1886 289 1972 petit
303 1886 413 1964 maria,
426 1899 458 1951 et
472 1885 585 1973 pelago
599 1886 739 1951 decurrit
754 1900 876 1973 aperto.

127 1984 368 2075 Qutisspetunct
380 1989 484 2054 subiti>
497 2004 651 2055 commota
666 1989 823 2071 columbe,
879 2028 928 2083 'gg

128 2084 281 2157 cudamus
294 2105 326 2157 et
339 2091 449 2157 dulces
463 2092 621 2157 latebroso
635 2094 667 2157 in
680 2093 804 2180 pumice
837 2092 853 2167 ’,

128 2186 212 2257 Fertur
223 2194 253 2259 in
266 2216 345 2259 arva
359 2194 478 2276 volans,
492 2196 696 2281 plausumque
712 2199 863 2263 exterrita
876 2190 989 2283 pennis
1051 2240 1057 2249 ·
1070 2205 1131 2264 915

128 2288 175 2359 Dat
186 2309 257 2362 tecto
269 2297 445 2385 ingentem
466 2321 540 2363 mox
555 2302 630 2364 aire
646 2298 735 2386 lapsa
749 2300 864 2384 quieto,

128 2390 201 2463 lltdit
211 2402 265 2467 iter
279 2401 439 2488 liquidum,
453 2403 576 2468 celeres
590 2425 690 2489 oeque
705 2416 881 2469 commovet
894 2404 980 2470 alas:

128 2494 166 2563 Sic
177 2502 354 2587 Mnestheus,
367 2508 414 2570 sic
430 2506 497 2591 ipsa
511 2505 585 2594 iugi
597 2521 684 2573 secat
699 2508 809 2573 ultima
823 2508 932 2573 Pristis

128 2596 250 2691 dquam
270 2608 415 2675 siciliam
429 2609 491 2674 fert
504 2613 637 2696 impetus
652 2612 718 2697 ipse
731 2610 901 2676 volantem.

127 2698 469 2798 ltpnomuscopulo
483 2712 650 2778 luctantem
664 2713 781 2778 deserit
796 2713 860 2778 alto
1067 2720 1130 2780 990

127 2804 279 2899 sugestum
293 2816 504 2900 brevibusque
518 2816 619 2895 vadis,
634 2817 809 2900 frustraque
823 2828 988 2881 vocantem

127 2909 230 3001 Auxiu,
243 2933 275 2985 et
290 2920 397 2984 fractis
411 2918 583 2984 discentem
598 2941 725 2984 currere
740 2919 845 2985 remis.

127 3010 182 3085 lude
192 3024 279 3112 Gyan
294 3025 455 3110 ipsamque
471 3025 586 3110 ingenti
599 3022 682 3087 mole
697 3022 888 3087 Chimteram

127 3113 321 3215 Cusequtmz
343 3128 436 3209 cedit,
450 3131 595 3212 quoniam
610 3127 744 3212 spoliata
757 3128 906 3212 magistro
921 3138 979 3191 est.

125 3218 192 3295 Solus
198 3234 320 3321 jamque
335 3234 402 3319 ipso
416 3247 557 3317 superest
573 3234 603 3295 in
619 3230 678 3294 fine
693 3229 888 3308 Cloanthus3
1068 3236 1128 3295 995

126 3322 199 3405 Qun
209 3337 293 3422 petit,
308 3349 340 3401 et
352 3333 479 3400 summis
494 3332 627 3397 adnixus
642 3333 759 3399 viribus
774 3345 874 3418 urget.
895 3358 901 3385 ι

127 3424 186 3503 Tun
196 3440 264 3506 teri>
278 3440 446 3526 ingeminat
459 3436 586 3516 clamor,
601 3437 766 3520 cunctique
777 3447 958 3519 sequentem

127 3526 240 3627 litigant
253 3542 372 3621 studiis,
386 3554 572 3625 resonatque
587 3539 764 3626 fragoribus
778 3537 888 3602 aether.

127 3630 314 3733 Hipoprium
328 3644 426 3710 decus
440 3658 472 3709 et
485 3657 608 3730 mnium
623 3642 823 3729 indignantur
837 3641 987 3707 honorem

127 3732 282 3830 illinunt,
294 3753 455 3833 vitamque
469 3747 576 3812 volunt
589 3767 648 3833 pro
663 3746 756 3811 laude
771 3750 901 3834 pacisci.
1067 3756 1129 3813 930

127 3836 338 3919 11⁰⁸tuccesuus
352 3851 427 3916 alit:
448 3862 585 3937 possunt,
600 3851 672 3934 quia
687 3872 779 3936 posse
794 3851 949 3918 videntur.

127 3936 213 4021 llius
225 3957 355 4044 aequatis
368 3959 524 4041 cepissent
538 3955 666 4040 premia
681 3957 799 4034 rostris

127 4040 267 4137 lituinias
280 4071 378 4146 ponto
392 4057 522 4123 tendens
535 4069 685 4140 utrasque
700 4055 875 4122 Cloanthus

128 4142 295 4249 lllhetque
309 4184 433 4249 preces,
447 4161 600 4245 divosque
615 4163 648 4225 in
663 4173 735 4224 vota
751 4159 916 4225 vocisset:

124 4244 160 4317 Di
167 4265 264 4345 quibus
277 4266 443 4352 imperium
457 4277 504 4329 est
517 4263 632 4351 pelagi,
647 4283 778 4348 quorum
793 4282 920 4346 aequora
934 4284 1037 4343 curro,
1068 4267 1130 4326 985

126 4348 201 4430 Vtile
211 4367 297 4435 laetus
311 4390 370 4455 ego
384 4368 446 4433 hoc
460 4367 647 4457 candentem
661 4367 692 4431 in
708 4366 810 4431 littore
824 4379 946 4432 taurum

125 4448 287 4537 thuum
300 4483 373 4536 ante
388 4491 472 4552 aras,
485 4471 551 4537 voti
563 4491 646 4551 reus,
661 4482 796 4553 extaque
810 4467 911 4538 salsos
