2928 5002
244 396 280 450 Ἠ

635 369 924 448 (ἕΕΟΒΘΙΟΟΕΠΜ

290 539 355 604 Ore
371 561 479 606 ornnes
493 561 587 606 versa
602 543 635 608 in
649 537 829 626 Zephyrum
845 553 925 606 ataut
939 538 1065 624 rupibus
1076 537 1154 616 altis,

291 645 529 732 Exceptantque
545 646 630 712 leves
645 669 757 726 auras;
779 663 812 712 et
826 645 918 730 repe,
934 646 998 710 siue
1011 642 1078 708 udin
1142 683 1144 688 -

289 748 459 837 confligis,
475 766 566 816 rento
581 753 712 836 gravide
729 749 882 836 (mirabile
898 750 980 814 dictu
992 748 1018 834 i)
1252 751 1317 814 275

293 854 376 921 Saxa
392 878 448 941 per
464 872 495 922 et
509 858 652 943 scopulos
667 872 699 922 et
713 858 876 942 depressas
890 855 1043 920 convalles

292 961 474 1046 Diffugiunt,
489 981 562 1041 non,
575 960 674 1042 Eure,
690 980 769 1042 tuoe,
784 983 885 1047 neque
901 962 972 1026 aelia
987 961 1025 1026 ad
1041 971 1136 1037 ortua,

292 1063 327 1129 In
343 1060 490 1148 Boream,
507 1065 719 1151 Caurumque,
736 1080 788 1132 ant
799 1068 880 1130 unde
896 1066 1076 1149 nigerrimus
1090 1063 1203 1130 Auster
1231 1136 1234 1140 ¹

294 1171 448 1252 Nascitur,
465 1189 496 1238 et
510 1174 613 1258 pluvio
628 1172 784 1238 contristat
798 1171 910 1255 frigere
925 1171 1049 1236 coelurn.

294 1277 357 1344 Hic
374 1280 509 1353 demum,
525 1278 724 1362 hippomanes
739 1297 813 1340 vero
829 1277 911 1362 qued
926 1277 1169 1346 contradicunt
1253 1273 1320 1338 280

294 1384 448 1460 pastores,
464 1383 579 1446 lentum
594 1379 779 1450 destillatab
795 1383 917 1466 inguine
929 1371 1029 1448 viius:

294 1487 517 1575 Hippomanes,
533 1490 615 1573 quod
631 1487 710 1573 sepe
726 1489 813 1556 malae
825 1488 928 1575 legire
944 1507 1093 1565 noverca,

296 1590 548 1678 Miscueruntque
564 1593 686 1672 herbas,
702 1608 734 1658 et
748 1615 808 1658 non
824 1596 946 1660 innoxia
960 1595 1065 1662 verba.

295 1698 359 1764 Sed
376 1696 452 1782 sugit
466 1699 593 1777 interea,
610 1696 686 1782 sugit
700 1698 896 1784 irreparabile
911 1713 1044 1784 tempus,

295 1802 422 1886 Singula
436 1803 510 1866 dum
522 1803 603 1887 capti
619 1803 896 1869 circumvectamur
911 1823 1028 1870 amere.
1253 1799 1317 1864 285

338 1907 410 1972 Hoc
425 1905 497 1972 ratis
513 1908 667 1972 armentis.
691 1907 824 1992 Superat
838 1929 909 1993 para
923 1907 1018 1975 altera
1033 1927 1124 1986 cure,
1169 1953 1173 1962 -

293 2013 462 2098 Lanigeros
478 2013 593 2098 agitare
607 2033 717 2097 greges
731 2012 887 2098 hutarque
901 2014 1055 2099 capedine:

294 2115 358 2183 Hic
372 2119 482 2198 iuben
504 2118 575 2184 hine
590 2117 716 2188 laudern
731 2115 825 2184 inrtea
840 2131 961 2202 rperaoe
976 2118 1088 2182 coloni.

294 2221 365 2288 Nec
380 2245 447 2288 sum
464 2223 555 2288 animi
570 2223 680 2290 dubius
691 2223 791 2288 verbis
802 2243 840 2288 ea
855 2223 980 2288 uincere
993 2241 1138 2304 mquam

295 2327 399 2404 Quium
415 2329 463 2406 rit,
475 2341 507 2393 et
522 2329 656 2412 angustia
666 2328 748 2395 hunc
764 2326 879 2392 addere
893 2326 1160 2401 rebuainaorenr.
1259 2325 1323 2392 290

295 2431 361 2498 Sed
376 2453 426 2498 me
442 2431 586 2501 Parnassi
601 2433 725 2496 &aaran
739 2449 795 2516 per
810 2432 905 2496 ardua
920 2428 1018 2500 dulcia

295 2540 412 2626 Raptat
427 2561 534 2604 arnor:
552 2539 640 2626 juvat
654 2539 699 2602 ire
710 2537 804 2624 jugia,
821 2533 883 2620 qui
896 2535 979 2602 uuila
992 2535 1127 2619 priorum

221 2697 228 2716 ,
296 2642 465 2710 Castaliam
479 2643 563 2709 mclii
578 2643 744 2717 devertitur
759 2641 858 2709 orbita
868 2642 959 2706 clivo.
1100 2646 1102 2651 ’

297 2748 400 2825 Nunc,
416 2746 590 2813 veneranda
605 2745 711 2824 Palea,
726 2766 837 2828 magno
852 2765 934 2808 nune
948 2743 1199 2828 preponandutrr.

340 2851 504 2933 Incipiens,
520 2847 750 2912 atabuiiaedico
765 2849 795 2910 in
810 2848 950 2912 mollibus
965 2848 1093 2917 herbam
1257 2847 1322 2918 295

299 2950 439 3038 Carpere
454 2971 539 3028 evea,
556 2949 630 3012 dum
646 2971 720 3014 mcx
734 2948 878 3014 frondosa
892 2951 1048 3018 reducitur
1063 2966 1173 3035 aeatas3

299 3056 342 3122 Et
357 3052 574 3140 multidurum
589 3051 700 3140 stipula
711 3053 887 3140 filicumque
902 3057 1042 3142 maniplis

299 3165 445 3230 Sternere
461 3161 565 3226 subter
581 3161 718 3238 humum,
734 3160 848 3245 glacies
863 3181 902 3224 ne
917 3161 1026 3247 frigida
1040 3163 1130 3228 tadu

299 3265 394 3332 Molle
410 3287 516 3353 pecua,
532 3266 727 3351 scabiemque
743 3264 832 3344 serat,
847 3280 1010 3352 turpesque
1025 3269 1186 3356 podagrae.

299 3372 385 3450 Prist,
401 3373 471 3436 hinc
486 3371 650 3454 digressus,
660 3371 757 3458 jubeo
773 3369 942 3438 frondentia
956 3373 1056 3457 capris
1253 3369 1327 3438 ¹300

301 3480 418 3544 Arbuta
433 3477 585 3556 sufficere,
602 3490 633 3541 et
646 3476 754 3542 duvios
768 3477 904 3562 prebere
919 3493 1080 3560 recentea3

302 3583 346 3648 Et
360 3583 477 3648 stabula
493 3605 510 3647 a
525 3583 623 3648 ventis
637 3581 763 3646 hiberno
778 3603 933 3668 opponere
950 3584 1005 3649 soti

302 3691 354 3756 Ad
366 3689 502 3754 medium
517 3707 664 3752 conversa
680 3687 783 3767 diem3
806 3707 900 3772 quurn
917 3685 1041 3773 frigidua
1056 3689 1129 3756 olim
1166 3735 1191 3765 -.

302 3795 372 3860 Jam
387 3795 480 3874 cadit,
496 3809 696 3878 extremoque
711 3795 818 3858 irrorat
831 3793 984 3878 Aquarius
1000 3816 1089 3863 annu

348 3899 406 3964 He
423 3920 543 3984 qunque
558 3921 618 3964 non
634 3897 709 3963 curri
722 3881 809 3964 nobis
823 3898 936 3964 leviore
952 3901 1095 3980 tuende3
1253 3898 1329 3960 ⁸505

303 4009 375 4076 Nec
390 4007 487 4070 minor
503 4029 575 4072 usus
590 4007 656 4085 erit,
673 4006 809 4090 quarraria
825 4003 946 4070 Milesia
962 4027 1073 4091 magno

165 4145 168 4155 ·
303 4112 427 4179 Vellera
441 4125 604 4191 mutentur,
619 4109 867 4199 Tyrios-incocta
881 4113 1017 4178 rubores.
