2890 5002
201 414 258 472 ma
648 401 838 464 AENEIDOS

243 565 416 630 Monstrum
428 559 628 644 horrendum,
637 560 779 642 informe,
789 561 906 646 ingens,
915 561 966 624 cui
976 556 1082 625 lumen
1092 557 1287 650 ademptum.

243 667 371 732 Trunca
385 688 479 732 manu
493 665 584 752 pinus
598 665 678 751 regit
693 677 724 728 et
738 665 871 749 vestigia
886 662 1001 726 firmat.

241 772 407 860 Lanigerae
421 769 608 857 comitantur
621 789 717 850 oves;
739 789 778 832 ea
792 765 860 831 sola
873 763 1027 852 voluptas,
1224 778 1288 838 660

244 877 451 962 solamenque
468 874 552 940 mali.

244 980 411 1065 Postquam
425 977 504 1043 altos
519 976 617 1064 tetigit
631 976 751 1056 fluctus,
765 987 796 1040 et
810 973 851 1040 ad
866 995 995 1059 aequora
1009 974 1104 1058 veuit,

175 1065 179 1074 ¹
241 1081 382 1147 Luminis
397 1079 499 1146 effossi
513 1079 641 1144 fluidum
655 1078 732 1143 lavit
746 1077 819 1143 inde
832 1098 988 1158 cruorem,

242 1181 397 1252 Dentibus
412 1181 591 1248 infrendens
605 1185 739 1270 gemitu;
760 1181 962 1268 graditurque
977 1204 1035 1267 per
1047 1203 1155 1270 aequor

240 1289 313 1354 Jam
328 1287 474 1368 medium,
488 1285 623 1353 necdum
636 1287 746 1350 fluctus
761 1285 859 1352 latera
876 1284 975 1351 ardua
988 1287 1089 1352 tinxit.

240 1393 307 1458 Nos
321 1391 431 1478 procul
446 1391 518 1457 inde
533 1393 637 1478 fugam
652 1390 771 1477 trepidi.
780 1389 931 1471 celerare,
945 1404 1073 1477 recepto

241 1497 400 1584 Supplice,
413 1497 458 1560 sic
472 1496 602 1577 merito;
626 1496 774 1582 tacitique
789 1495 927 1561 incidere
942 1496 1067 1562 sunem:
1099 1575 1104 1586 Α

240 1600 406 1666 Verrimus
421 1612 452 1664 et
466 1599 558 1686 proni
571 1599 763 1664 certantibus
778 1619 906 1684 aequora
920 1601 1026 1663 remis.

241 1703 351 1785 Sensit,
366 1701 453 1768 etad
468 1703 599 1768 sonimm
614 1706 701 1767 vocis
716 1702 846 1788 vestigia
860 1702 959 1767 torsit·

240 1803 372 1888 verum,
386 1806 440 1870 ubi
455 1805 540 1870 nulla
554 1804 647 1870 datur
661 1804 774 1870 dextra
789 1803 938 1870 affectare
952 1817 1100 1891 potestas,

240 1909 272 1974 N
273 1931 309 1974 ec
323 1910 405 1996 potis
420 1908 522 1972 Ionios
537 1907 647 1972 fluctus
662 1929 789 1994 aequare
804 1906 974 1993 sequendo,

187 2097 189 2104 s
239 2012 420 2078 Clamorem
436 2012 618 2077 immensum
633 2009 722 2093 tollit,
737 2034 800 2097 quo
814 2025 925 2098 pontus
941 2025 972 2077 et
986 2033 1092 2080 omnes

238 2113 432 2181 Intremuere
448 2111 748 2198 undae‚peniti1sque
764 2116 916 2178 exterrita
934 2113 1025 2179 tellus

238 2217 348 2297 ltaliae,
363 2216 527 2300 curvisque
542 2214 693 2300 immugiit
708 2213 801 2278 AEtna
814 2219 971 2280 cavernis.

237 2323 281 2386 At
294 2342 391 2408 genus
406 2343 423 2386 e
439 2320 523 2384 silvis
538 2318 718 2405 Cyclopum
732 2331 764 2382 et
778 2319 934 2384 montibus
949 2318 1019 2384 altis

238 2425 386 2491 Excitum
400 2427 463 2488 ruit
477 2423 518 2488 ad
534 2435 651 2509 portus,
666 2435 697 2487 et
712 2423 815 2488 littora
829 2423 999 2510 complent.

237 2525 404 2591 Cernimus
419 2524 577 2591 adstantes
592 2524 805 2611 nequidquam
819 2524 935 2591 lumine
950 2541 1039 2592 torvo
1123 2561 1125 2565 ⁴

236 2629 374 2695 AEtnaeos
389 2630 512 2709 fratres,
526 2628 608 2694 coelo
623 2630 728 2715 capita
744 2628 807 2694 alta
825 2630 972 2711 ferentes

155 2813 158 2818 Α
236 2733 412 2799 Concilium
426 2731 634 2798 horrendum:
658 2732 767 2818 quales
782 2755 877 2817 quum
891 2732 1009 2798 vertice
1024 2730 1109 2798 celso

235 2839 343 2903 Airita
358 2857 492 2921 quercus
506 2849 559 2898 aut
573 2837 720 2900 coniferae
735 2836 894 2922 cyparissi

235 2939 460 3014 Constiterunt,
474 2935 551 2999 silva
566 2935 630 3000 alta
644 2937 741 3016 Jovis‚
756 2935 883 3001 lucusve
897 2935 1022 3004 Dianae.

237 3043 420 3126 Praecipites
434 3051 534 3102 metus
549 3060 625 3103 acer
638 3038 701 3126 agit
716 3037 914 3126 qudcumque
928 3042 1076 3108 rudentes

236 3143 405 3221 Excutere,
421 3153 452 3205 et
467 3140 564 3206 ventis
580 3139 742 3206 intendere
758 3141 829 3206 vela
843 3143 1001 3208 secundis.

236 3244 365 3333 Contra,
376 3246 464 3332 jussa
478 3257 603 3308 monent
618 3243 737 3308 Heleni
753 3243 893 3330 Scyllam
908 3259 1003 3332 atque
1018 3247 1223 3336 Charybdim

234 3355 330 3434 Inter,
343 3365 508 3437 utramque
523 3350 606 3416 viam
620 3350 674 3416 leti
688 3350 870 3416 discrimine
884 3373 994 3438 parvo,
1212 3357 1276 3417 685

235 3453 278 3518 Ni
292 3466 419 3519 teneant
433 3473 563 3517 cursus:
585 3467 706 3519 eertum
722 3467 768 3517 est
782 3452 859 3518 dare
874 3453 970 3519 lintea
984 3466 1083 3520 retro.

234 3559 320 3624 Ecce
335 3571 438 3624 autem
455 3557 574 3622 Boreas
589 3557 717 3645 angusta
733 3558 775 3622 ab
790 3557 865 3622 sede
882 3558 986 3624 Pelori

234 3661 349 3727 Missus
364 3661 473 3727 adest:
496 3665 570 3726 vivo
584 3662 799 3748 praetervehor
812 3663 891 3727 ostia
905 3685 984 3728 saxo

235 3765 405 3850 Pantagiae,
420 3763 629 3851 Megarosque
643 3765 737 3844 sinus,
752 3764 977 3852 Thapsumque
988 3767 1157 3853 jacentem.

234 3869 327 3936 Talia
342 3870 536 3935 monstrabat
551 3869 692 3957 relegens
707 3884 813 3936 errata
826 3884 997 3937 retrorsum
1213 3875 1282 3936 690

234 3971 356 4037 Littera
370 3971 610 4053 Achemeuides,
624 3995 729 4038 comes
744 3974 876 4039 infelicis
891 3972 1032 4060 Ulyssei·

278 4075 405 4141 Sicanio
419 4089 572 4164 praetenta
586 4079 655 4143 sinu
664 4079 752 4165 jacet
766 4077 869 4144 insula
881 4091 993 4144 conua
