2756 5010
237 469 296 524 244
673 459 863 520 AENEIDOS

278 623 397 703 Fletus,
413 635 443 686 et
458 622 489 686 in
504 620 586 686 lento
602 619 759 684 luctantur
773 643 929 686 marmore
945 635 1051 688 tonsae.

280 729 383 810 Atque
399 724 451 788 hic
467 723 581 788 AEneas
595 724 749 809 ingentem
766 743 806 785 ex
821 744 947 808 aequore
963 723 1065 789 lucum
1129 719 1131 723 ’

281 829 445 912 Prospicit.
491 828 587 891 Hunc
603 829 683 890 inter
698 827 792 889 fluvio
808 826 976 891 Tiberinus
992 847 1124 910 amoeno,
1254 830 1282 888 to

281 929 464 996 Vorticibus
479 928 606 1015 rapidis,
621 941 651 992 et
666 927 761 992 multa
775 929 873 994 llavrrs
888 929 994 1010 arenti,

281 1033 316 1098 ln
331 1055 418 1097 mare
433 1034 622 1118 prorumpite
645 1033 737 1096 varie
756 1029 935 1118 circumque
951 1035 1107 1121 supraque

283 1140 421 1201 Assuetae
436 1137 510 1222 ripis
525 1135 667 1200 volucres
682 1148 714 1199 et
728 1136 861 1200 fluminis
876 1136 966 1201 alveo

283 1239 413 1304 AEthera
429 1238 605 1304 mulcebant
620 1251 724 1318 cantu,
739 1238 872 1323 lucoque
888 1239 1050 1304 volabant.

284 1345 425 1412 Flectere
442 1347 501 1434 iter
515 1346 619 1422 sociis,
633 1355 785 1426 terraeque
800 1342 966 1407 advertere
980 1363 1100 1428 proras,
1255 1340 1282 1398 35

285 1449 431 1535 Imperat,
446 1461 477 1511 et
493 1447 579 1512 laetus
594 1447 689 1511 fluvio
704 1445 845 1511 succedit
860 1467 970 1532 opaco.

327 1553 417 1617 Nunc
433 1573 501 1638 age,
515 1552 569 1637 qui
583 1572 682 1636 regua,
698 1551 804 1630 Erato,
820 1573 889 1636 quae
905 1564 1046 1636 tempora
1060 1573 1174 1629 rerum,

283 1656 362 1738 Quis
378 1654 468 1718 Latio
482 1655 608 1738 antiquo
623 1653 714 1718 luerit
728 1665 834 1733 status,
849 1653 972 1716 advena
987 1654 1121 1718 classem

284 1759 387 1840 Quum
402 1753 535 1842 primum
551 1757 695 1820 Ausoniis
711 1755 866 1820 exercitus
882 1755 1002 1842 appulit
1016 1759 1091 1836 oris,

284 1860 472 1944 Expediam‚
488 1872 517 1923 et
533 1859 640 1943 primae
656 1859 815 1924 revocabo
831 1859 961 1924 exordia
976 1881 1101 1946 pugne.

283 1963 333 2027 Tu
349 1978 461 2040 vatem,
475 1974 517 2040 tu,
531 1959 626 2041 Diva,
639 1982 741 2025 mune.
785 1959 898 2025 Dicam
915 1961 1044 2027 horrida
1060 1958 1163 2041 bella3

284 2067 398 2132 Dicam
413 2070 508 2144 acies,
522 2076 669 2148 actosque
684 2065 795 2128 animis
811 2063 841 2127 iu
856 2064 964 2129 lunera
978 2087 1079 2150 reges,

285 2167 549 2254 Tyrrhenamque
564 2185 699 2245 manum,
714 2169 872 2250 totamque
887 2167 946 2230 sub
960 2187 1050 2248 arma
1064 2179 1201 2234 coactam

251 2353 256 2364 x
285 2271 486 2357 Hesperiam.
532 2269 634 2356 Major
648 2273 754 2333 rerum
768 2269 846 2332 mihi
860 2273 998 2334 nascitur
1012 2271 1100 2352 ordo,

287 2375 390 2462 Majus
404 2397 482 2460 opus
497 2395 617 2438 moveo.
663 2372 735 2437 Rex
751 2394 828 2438 arva
843 2373 973 2438 Latinus
989 2389 1020 2438 et
1033 2375 1128 2440 urbes
1260 2373 1292 2428 4⁵

284 2479 356 2542 Jam
372 2481 475 2543 senior
488 2475 579 2562 longa
594 2474 732 2561 placidas
748 2475 778 2539 in
792 2497 872 2560 pace
887 2477 1027 2563 regebat.

286 2581 382 2646 Hunc
398 2581 506 2646 Fauno
522 2593 552 2644 et
566 2578 705 2666 nymphi
718 2579 854 2666 genitum
869 2581 1029 2646 Laurente
1043 2581 1167 2648 Marica

286 2683 479 2768 Accipimus.
523 2681 630 2746 Fauno
647 2682 738 2746 Picus
752 2696 861 2766 pater3
883 2685 973 2766 isque
987 2698 1149 2769 parentem

286 2785 346 2864 Te,
361 2786 500 2862 Saturne,
516 2783 630 2862 resert;
652 2797 683 2847 tu
698 2783 854 2868 sanguinis
868 2784 992 2848 ultimus
1008 2800 1125 2860 auctor.

286 2887 382 2952 Filius
398 2888 479 2964 huic,
492 2886 557 2948 lato
571 2885 687 2964 divrim,
701 2885 868 2970 prolesque
883 2887 981 2951 virilis
1082 2909 1084 2912 ·
1266 2884 1300 2943 5⁰

287 2989 381 3053 Nulla
396 2989 470 3063 suit3
492 2984 652 3070 primaque
667 2987 770 3050 oriens
786 3000 894 3072 crepta
906 2989 1035 3074 juventa
1050 3003 1108 3055 est.

288 3089 361 3154 Sola
376 3089 500 3152 domum
515 3099 546 3150 et
559 3098 660 3151 tantas
674 3088 823 3152 servabat
837 3088 900 3153 filia
915 3090 1016 3172 sedes,

286 3195 359 3257 Jam
374 3202 493 3256 matura
508 3190 585 3268 viro,
595 3189 661 3274 jam
676 3188 775 3273 plenis
790 3190 902 3256 nubilis
916 3197 1016 3257 annis.

289 3294 380 3360 Multi
394 3293 476 3358 illam
493 3315 604 3379 magno
619 3315 637 3355 e
652 3291 743 3356 Latio
758 3293 883 3378 tetrique
897 3296 1047 3380 petebant

288 3396 435 3462 Ausonia.
481 3397 560 3460 Petit
575 3407 646 3460 ante
661 3394 739 3460 alios
753 3396 982 3480 pulcherrimus
995 3395 1103 3465 omnes
1273 3398 1305 3458 5⁵

288 3503 423 3577 Turnus
438 3503 505 3564 avis
520 3503 680 3585 atavisque
694 3512 821 3584 potens3
843 3521 936 3585 quem
951 3503 1037 3588 regia
1051 3504 1170 3590 conjux

288 3603 424 3690 Adjungi
438 3623 584 3688 geuenrm
599 3605 679 3667 miro
692 3604 882 3688 properabat
897 3625 1023 3685 amore3

290 3707 352 3770 Sed
367 3704 460 3769 variis
473 3716 616 3789 portenta
630 3704 723 3768 deum
738 3705 909 3769 terroribus
923 3707 1058 3772 obstant.

289 3810 411 3874 Laurus
427 3821 495 3872 erat
508 3811 583 3872 tecti
597 3808 710 3889 medio,
725 3811 757 3872 in
772 3808 984 3893 penetralibus
999 3811 1079 3892 altis,

290 3915 388 3978 Sacra
402 3932 533 3990 comam,
548 3909 720 3996 multosque
735 3924 816 3974 metu
832 3925 956 3976 servata
970 3935 1028 3999 per
1043 3935 1163 3997 annos3
1279 3917 1313 3974 60

289 4016 390 4097 Quam
404 4027 493 4098 pater
508 4015 672 4093 inventam,
690 4017 807 4098 primas
822 4035 916 4098 quum
931 4015 1081 4084 conderet
1095 4041 1201 4100 arces,

289 4117 361 4202 lpse
376 4117 535 4188 ferebatur
550 4114 671 4184 Phoebo
685 4113 827 4183 sacrasse
844 4117 982 4200 Latinus,
