<?xml version="1.0" encoding="UTF-8"?>
<!DOCTYPE html PUBLIC "-//W3C//DTD XHTML 1.0 Transitional//EN"
    "http://www.w3.org/TR/xhtml1/DTD/xhtml1-transitional.dtd">
<html xmlns="http://www.w3.org/1999/xhtml" xml:lang="en" lang="en">
 <head>
  <title>
</title>
<meta http-equiv="Content-Type" content="text/html;charset=utf-8" />
  <meta name='ocr-system' content='tesseract 3.04.00' />
  <meta name='ocr-capabilities' content='ocr_page ocr_carea ocr_par ocr_line ocrx_word'/>
</head>
<body>
  <div class='ocr_page' id='page_1' title='image "./bucolicageorgic00goulgoog/bucolicageorgic00goulgoog_0233.png"; bbox 0 0 2648 5288; ppageno 0'>
   <div class='ocr_carea' id='block_1_1' title="bbox 528 110 712 169">
    <p class='ocr_par' dir='ltr' id='par_1_1' title="bbox 528 110 712 169">
     <span class='ocr_line' id='line_1_1' title="bbox 528 110 712 169; baseline -0.011 0"><span class='ocrx_word' id='word_1_1' title='bbox 528 110 644 169; x_wconf 80' lang='lat' dir='ltr'>LIBER</span> <span class='ocrx_word' id='word_1_2' title='bbox 665 112 712 167; x_wconf 78' lang='lat' dir='ltr'>vt.</span> 
     </span>
    </p>
   </div>
   <div class='ocr_carea' id='block_1_2' title="bbox 86 270 1159 3863">
    <p class='ocr_par' dir='ltr' id='par_1_2' title="bbox 86 270 1159 3863">
     <span class='ocr_line' id='line_1_2' title="bbox 91 270 983 363; baseline 0.004 -28"><span class='ocrx_word' id='word_1_3' title='bbox 91 274 183 335; x_wconf 63' lang='lat' dir='ltr'>Vos</span> <span class='ocrx_word' id='word_1_4' title='bbox 202 291 329 355; x_wconf 83' lang='lat' dir='ltr'>quoque</span> <span class='ocrx_word' id='word_1_5' title='bbox 346 270 525 356; x_wconf 68' lang='lat' dir='ltr'>Pergameae</span> <span class='ocrx_word' id='word_1_6' title='bbox 536 273 603 357; x_wconf 86' lang='lat' dir='ltr'>jam</span> <span class='ocrx_word' id='word_1_7' title='bbox 618 272 665 334; x_wconf 86' lang='lat' dir='ltr'>sas</span> <span class='ocrx_word' id='word_1_8' title='bbox 681 286 727 335; x_wconf 84' lang='lat' dir='ltr'>est</span> <span class='ocrx_word' id='word_1_9' title='bbox 741 294 873 359; x_wconf 83' lang='lat' dir='ltr'>parcere</span> <span class='ocrx_word' id='word_1_10' title='bbox 888 281 983 363; x_wconf 85' lang='lat' dir='ltr'>genti,</span> 
     </span>
     <span class='ocr_line' id='line_1_3' title="bbox 87 371 1040 465; baseline 0.008 -30"><span class='ocrx_word' id='word_1_11' title='bbox 87 372 224 457; x_wconf 84' lang='lat' dir='ltr'>Dique</span> <span class='ocrx_word' id='word_1_12' title='bbox 240 371 374 456; x_wconf 71' lang='lat' dir='ltr'>demque</span> <span class='ocrx_word' id='word_1_13' title='bbox 388 393 495 436; x_wconf 85' lang='lat' dir='ltr'>omnes</span> <span class='ocrx_word' id='word_1_14' title='bbox 510 372 623 457; x_wconf 88' lang='lat' dir='ltr'>quibus</span> <span class='ocrx_word' id='word_1_15' title='bbox 638 373 758 437; x_wconf 89' lang='lat' dir='ltr'>obstitit</span> <span class='ocrx_word' id='word_1_16' title='bbox 774 374 872 457; x_wconf 87' lang='lat' dir='ltr'>Ilium,</span> <span class='ocrx_word' id='word_1_17' title='bbox 887 392 918 441; x_wconf 87' lang='lat' dir='ltr'>et</span> <span class='ocrx_word' id='word_1_18' title='bbox 933 379 1040 465; x_wconf 88' lang='lat' dir='ltr'>ingens</span> 
     </span>
     <span class='ocr_line' id='line_1_4' title="bbox 86 474 1159 561; baseline 0.004 -22"><span class='ocrx_word' id='word_1_19' title='bbox 86 474 224 539; x_wconf 84' lang='lat' dir='ltr'>Gloria</span> <span class='ocrx_word' id='word_1_20' title='bbox 240 474 425 539; x_wconf 72' lang='lat' dir='ltr'>Dardania.</span> <span class='ocrx_word' id='word_1_21' title='bbox 470 474 593 561; x_wconf 82' lang='lat' dir='ltr'>Tuque,</span> <span class='ocrx_word' id='word_1_22' title='bbox 608 497 627 538; x_wconf 92' lang='lat' dir='ltr'>o</span> <span class='ocrx_word' id='word_1_23' title='bbox 641 477 835 543; x_wconf 86' lang='lat' dir='ltr'>sanctissima</span> <span class='ocrx_word' id='word_1_24' title='bbox 848 492 946 561; x_wconf 85' lang='lat' dir='ltr'>vates,</span> <span class='ocrx_word' id='word_1_25' title='bbox 1119 486 1159 543; x_wconf 84' lang='grc'>65</span> 
     </span>
     <span class='ocr_line' id='line_1_5' title="bbox 93 576 816 665; baseline 0.007 -26"><span class='ocrx_word' id='word_1_26' title='bbox 93 578 255 643; x_wconf 80' lang='lat' dir='ltr'>Praescie</span> <span class='ocrx_word' id='word_1_27' title='bbox 269 580 404 659; x_wconf 84' lang='lat' dir='ltr'>venturi,</span> <span class='ocrx_word' id='word_1_28' title='bbox 418 576 471 658; x_wconf 87' lang='lat' dir='ltr'>da,</span> <span class='ocrx_word' id='word_1_29' title='bbox 485 600 545 643; x_wconf 91' lang='lat' dir='ltr'>non</span> <span class='ocrx_word' id='word_1_30' title='bbox 561 578 700 643; x_wconf 86' lang='lat' dir='ltr'>indebita</span> <span class='ocrx_word' id='word_1_31' title='bbox 719 600 816 665; x_wconf 90' lang='lat' dir='ltr'>posco</span> 
     </span>
     <span class='ocr_line' id='line_1_6' title="bbox 95 678 874 768; baseline 0.001 -22"><span class='ocrx_word' id='word_1_32' title='bbox 95 678 230 768; x_wconf 83' lang='lat' dir='ltr'>Regna</span> <span class='ocrx_word' id='word_1_33' title='bbox 244 686 323 748; x_wconf 84' lang='lat' dir='ltr'>meis</span> <span class='ocrx_word' id='word_1_34' title='bbox 335 682 419 765; x_wconf 84' lang='lat' dir='ltr'>fatis,</span> <span class='ocrx_word' id='word_1_35' title='bbox 432 682 526 749; x_wconf 78' lang='lat' dir='ltr'>Latio</span> <span class='ocrx_word' id='word_1_36' title='bbox 540 681 706 747; x_wconf 85' lang='lat' dir='ltr'>considere</span> <span class='ocrx_word' id='word_1_37' title='bbox 722 684 874 765; x_wconf 86' lang='lat' dir='ltr'>Teucros,</span> 
     </span>
     <span class='ocr_line' id='line_1_7' title="bbox 96 782 893 874; baseline 0.003 -25"><span class='ocrx_word' id='word_1_38' title='bbox 96 782 329 869; x_wconf 73' lang='lat' dir='ltr'>Errantesque</span> <span class='ocrx_word' id='word_1_39' title='bbox 344 783 432 866; x_wconf 87' lang='lat' dir='ltr'>deos,</span> <span class='ocrx_word' id='word_1_40' title='bbox 442 786 619 873; x_wconf 75' lang='lat' dir='ltr'>agitataque</span> <span class='ocrx_word' id='word_1_41' title='bbox 635 789 762 851; x_wconf 91' lang='lat' dir='ltr'>numina</span> <span class='ocrx_word' id='word_1_42' title='bbox 777 788 893 874; x_wconf 83' lang='lat' dir='ltr'>Trojae.</span> 
     </span>
     <span class='ocr_line' id='line_1_8' title="bbox 97 882 1020 977; baseline 0.007 -28"><span class='ocrx_word' id='word_1_43' title='bbox 97 882 200 953; x_wconf 85' lang='lat' dir='ltr'>Tum</span> <span class='ocrx_word' id='word_1_44' title='bbox 215 888 338 953; x_wconf 85' lang='lat' dir='ltr'>Phoebo</span> <span class='ocrx_word' id='word_1_45' title='bbox 352 902 384 953; x_wconf 87' lang='lat' dir='ltr'>et</span> <span class='ocrx_word' id='word_1_46' title='bbox 398 888 516 954; x_wconf 83' lang='lat' dir='ltr'>Triviae</span> <span class='ocrx_word' id='word_1_47' title='bbox 531 888 631 953; x_wconf 90' lang='lat' dir='ltr'>solido</span> <span class='ocrx_word' id='word_1_48' title='bbox 645 888 686 953; x_wconf 91' lang='lat' dir='ltr'>de</span> <span class='ocrx_word' id='word_1_49' title='bbox 701 911 856 955; x_wconf 79' lang='lat' dir='ltr'>marmore</span> <span class='ocrx_word' id='word_1_50' title='bbox 872 890 1020 977; x_wconf 88' lang='lat' dir='ltr'>templum</span> 
     </span>
     <span class='ocr_line' id='line_1_9' title="bbox 99 984 1158 1078; baseline 0.007 -29"><span class='ocrx_word' id='word_1_51' title='bbox 99 984 287 1073; x_wconf 80' lang='lat' dir='ltr'>instituam,</span> <span class='ocrx_word' id='word_1_52' title='bbox 300 991 459 1078; x_wconf 81' lang='lat' dir='ltr'>festosque</span> <span class='ocrx_word' id='word_1_53' title='bbox 474 991 542 1057; x_wconf 89' lang='lat' dir='ltr'>dies</span> <span class='ocrx_word' id='word_1_54' title='bbox 557 990 598 1056; x_wconf 88' lang='lat' dir='ltr'>de</span> <span class='ocrx_word' id='word_1_55' title='bbox 613 997 738 1057; x_wconf 84' lang='lat' dir='ltr'>nomine</span> <span class='ocrx_word' id='word_1_56' title='bbox 754 993 877 1058; x_wconf 85' lang='lat' dir='ltr'>Phoebi.</span> <span class='ocrx_word' id='word_1_57' title='bbox 1119 999 1158 1056; x_wconf 84' lang='lat'>70</span> 
     </span>
     <span class='ocr_line' id='line_1_10' title="bbox 100 1086 1029 1184; baseline 0.005 -29"><span class='ocrx_word' id='word_1_58' title='bbox 100 1086 158 1155; x_wconf 83' lang='lat' dir='ltr'>Te</span> <span class='ocrx_word' id='word_1_59' title='bbox 176 1114 304 1181; x_wconf 85' lang='lat' dir='ltr'>qnoque</span> <span class='ocrx_word' id='word_1_60' title='bbox 318 1117 433 1184; x_wconf 79' lang='lat' dir='ltr'>magna</span> <span class='ocrx_word' id='word_1_61' title='bbox 445 1110 572 1160; x_wconf 88' lang='lat' dir='ltr'>manent</span> <span class='ocrx_word' id='word_1_62' title='bbox 587 1100 691 1183; x_wconf 84' lang='lat' dir='ltr'>regnis</span> <span class='ocrx_word' id='word_1_63' title='bbox 706 1095 882 1182; x_wconf 83' lang='lat' dir='ltr'>penetralia</span> <span class='ocrx_word' id='word_1_64' title='bbox 896 1100 1029 1163; x_wconf 87' lang='lat' dir='ltr'>nostris:</span> 
     </span>
     <span class='ocr_line' id='line_1_11' title="bbox 102 1191 889 1287; baseline 0.005 -26"><span class='ocrx_word' id='word_1_65' title='bbox 102 1191 182 1261; x_wconf 85' lang='lat' dir='ltr'>Hic</span> <span class='ocrx_word' id='word_1_66' title='bbox 198 1220 256 1287; x_wconf 83' lang='lat' dir='ltr'>ego</span> <span class='ocrx_word' id='word_1_67' title='bbox 268 1221 406 1286; x_wconf 86' lang='lat' dir='ltr'>namque</span> <span class='ocrx_word' id='word_1_68' title='bbox 422 1212 490 1265; x_wconf 89' lang='lat' dir='ltr'>tuas</span> <span class='ocrx_word' id='word_1_69' title='bbox 504 1214 614 1279; x_wconf 83' lang='lat' dir='ltr'>sortes,</span> <span class='ocrx_word' id='word_1_70' title='bbox 629 1221 809 1286; x_wconf 79' lang='lat' dir='ltr'>aieanaque</span> <span class='ocrx_word' id='word_1_71' title='bbox 823 1201 889 1265; x_wconf 84' lang='lat' dir='ltr'>sata</span> 
     </span>
     <span class='ocr_line' id='line_1_12' title="bbox 104 1290 884 1390; baseline 0.006 -28"><span class='ocrx_word' id='word_1_72' title='bbox 104 1290 213 1367; x_wconf 84' lang='lat' dir='ltr'>Dicta</span> <span class='ocrx_word' id='word_1_73' title='bbox 226 1324 303 1367; x_wconf 79' lang='lat' dir='ltr'>msae</span> <span class='ocrx_word' id='word_1_74' title='bbox 316 1303 411 1390; x_wconf 84' lang='lat' dir='ltr'>genti,</span> <span class='ocrx_word' id='word_1_75' title='bbox 424 1324 550 1389; x_wconf 86' lang='lat' dir='ltr'>ponam,</span> <span class='ocrx_word' id='word_1_76' title='bbox 565 1303 724 1388; x_wconf 86' lang='lat' dir='ltr'>lectosque</span> <span class='ocrx_word' id='word_1_77' title='bbox 739 1304 884 1384; x_wconf 83' lang='lat' dir='ltr'>sacrabo,</span> 
     </span>
     <span class='ocr_line' id='line_1_13' title="bbox 104 1396 950 1489; baseline 0.005 -21"><span class='ocrx_word' id='word_1_78' title='bbox 104 1396 218 1483; x_wconf 76' lang='lat' dir='ltr'>Alma,</span> <span class='ocrx_word' id='word_1_79' title='bbox 231 1404 325 1471; x_wconf 82' lang='lat' dir='ltr'>viros.</span> <span class='ocrx_word' id='word_1_80' title='bbox 371 1405 466 1471; x_wconf 84' lang='lat' dir='ltr'>Foliis</span> <span class='ocrx_word' id='word_1_81' title='bbox 480 1403 598 1470; x_wconf 79' lang='lat' dir='ltr'>tentum</span> <span class='ocrx_word' id='word_1_82' title='bbox 614 1426 653 1470; x_wconf 89' lang='lat' dir='ltr'>ne</span> <span class='ocrx_word' id='word_1_83' title='bbox 667 1407 808 1471; x_wconf 84' lang='lat' dir='ltr'>carmina</span> <span class='ocrx_word' id='word_1_84' title='bbox 823 1405 950 1489; x_wconf 86' lang='lat' dir='ltr'>manda,</span> 
     </span>
     <span class='ocr_line' id='line_1_14' title="bbox 106 1494 1153 1593; baseline 0.002 -20"><span class='ocrx_word' id='word_1_85' title='bbox 106 1494 162 1565; x_wconf 73' lang='lat' dir='ltr'>Ne</span> <span class='ocrx_word' id='word_1_86' title='bbox 178 1506 301 1573; x_wconf 83' lang='lat' dir='ltr'>turbata</span> <span class='ocrx_word' id='word_1_87' title='bbox 316 1506 421 1573; x_wconf 88' lang='lat' dir='ltr'>volent</span> <span class='ocrx_word' id='word_1_88' title='bbox 434 1506 557 1593; x_wconf 81' lang='lat' dir='ltr'>rapidis</span> <span class='ocrx_word' id='word_1_89' title='bbox 572 1507 710 1573; x_wconf 83' lang='lat' dir='ltr'>ludibria</span> <span class='ocrx_word' id='word_1_90' title='bbox 725 1513 843 1575; x_wconf 89' lang='lat' dir='ltr'>ventis:</span> <span class='ocrx_word' id='word_1_91' title='bbox 1114 1518 1153 1575; x_wconf 78' lang='lat'>75</span> 
     </span>
     <span class='ocr_line' id='line_1_15' title="bbox 109 1598 893 1697; baseline 0.004 -22"><span class='ocrx_word' id='word_1_92' title='bbox 109 1598 189 1689; x_wconf 67' lang='lat' dir='ltr'>ipsa</span> <span class='ocrx_word' id='word_1_93' title='bbox 202 1632 306 1693; x_wconf 57' lang='lat' dir='ltr'>canae</span> <span class='ocrx_word' id='word_1_94' title='bbox 319 1632 389 1677; x_wconf 82' lang='lat' dir='ltr'>oro.</span> <span class='ocrx_word' id='word_1_95' title='bbox 433 1610 542 1676; x_wconf 85' lang='lat' dir='ltr'>Finem</span> <span class='ocrx_word' id='word_1_96' title='bbox 558 1609 646 1675; x_wconf 86' lang='lat' dir='ltr'><strong>dedit</strong></span> <span class='ocrx_word' id='word_1_97' title='bbox 660 1634 714 1676; x_wconf 86' lang='lat' dir='ltr'>ore</span> <span class='ocrx_word' id='word_1_98' title='bbox 733 1611 893 1697; x_wconf 87' lang='lat' dir='ltr'>loquendi.</span> 
     </span>
     <span class='ocr_line' id='line_1_16' title="bbox 156 1713 939 1799; baseline 0.005 -22"><span class='ocrx_word' id='word_1_99' title='bbox 156 1714 210 1793; x_wconf 79' lang='lat' dir='ltr'>At,</span> <span class='ocrx_word' id='word_1_100' title='bbox 224 1714 335 1779; x_wconf 86' lang='lat' dir='ltr'>Phoebi</span> <span class='ocrx_word' id='word_1_101' title='bbox 348 1713 486 1779; x_wconf 88' lang='lat' dir='ltr'>nondum</span> <span class='ocrx_word' id='word_1_102' title='bbox 499 1714 631 1799; x_wconf 86' lang='lat' dir='ltr'>patiens,</span> <span class='ocrx_word' id='word_1_103' title='bbox 645 1715 788 1780; x_wconf 84' lang='lat' dir='ltr'>immanis</span> <span class='ocrx_word' id='word_1_104' title='bbox 802 1715 834 1779; x_wconf 91' lang='lat' dir='ltr'>in</span> <span class='ocrx_word' id='word_1_105' title='bbox 849 1728 939 1781; x_wconf 85' lang='lat' dir='ltr'>antro</span> 
     </span>
     <span class='ocr_line' id='line_1_17' title="bbox 114 1804 861 1905; baseline 0.008 -28"><span class='ocrx_word' id='word_1_106' title='bbox 114 1804 295 1881; x_wconf 75' lang='lat' dir='ltr'>Bacchatur</span> <span class='ocrx_word' id='word_1_107' title='bbox 308 1829 408 1897; x_wconf 79' lang='lat' dir='ltr'>vates,</span> <span class='ocrx_word' id='word_1_108' title='bbox 421 1837 565 1903; x_wconf 86' lang='lat' dir='ltr'>magnum</span> <span class='ocrx_word' id='word_1_109' title='bbox 579 1817 606 1879; x_wconf 92' lang='lat' dir='ltr'>si</span> <span class='ocrx_word' id='word_1_110' title='bbox 619 1830 748 1902; x_wconf 78' lang='lat' dir='ltr'>pectore</span> <span class='ocrx_word' id='word_1_111' title='bbox 763 1822 861 1905; x_wconf 83' lang='lat' dir='ltr'>possit</span> 
     </span>
     <span class='ocr_line' id='line_1_18' title="bbox 114 1906 846 2009; baseline 0.007 -28"><span class='ocrx_word' id='word_1_112' title='bbox 114 1906 298 1985; x_wconf 75' lang='lat' dir='ltr'>Excussisse</span> <span class='ocrx_word' id='word_1_113' title='bbox 313 1920 429 1985; x_wconf 84' lang='lat' dir='ltr'>deum:</span> <span class='ocrx_word' id='word_1_114' title='bbox 451 1919 539 1985; x_wconf 80' lang='lat' dir='ltr'>tanto</span> <span class='ocrx_word' id='word_1_115' title='bbox 554 1923 653 2007; x_wconf 85' lang='lat' dir='ltr'>magis</span> <span class='ocrx_word' id='word_1_116' title='bbox 667 1921 721 1987; x_wconf 87' lang='lat' dir='ltr'>ille</span> <span class='ocrx_word' id='word_1_117' title='bbox 736 1923 846 2009; x_wconf 85' lang='lat' dir='ltr'>fatigat</span> 
     </span>
     <span class='ocr_line' id='line_1_19' title="bbox 116 2010 1152 2111; baseline 0.009 -30"><span class='ocrx_word' id='word_1_118' title='bbox 116 2010 163 2081; x_wconf 79' lang='lat' dir='ltr'>Os</span> <span class='ocrx_word' id='word_1_119' title='bbox 176 2022 325 2105; x_wconf 80' lang='lat' dir='ltr'>rabidum,</span> <span class='ocrx_word' id='word_1_120' title='bbox 339 2023 409 2089; x_wconf 81' lang='lat' dir='ltr'>iera</span> <span class='ocrx_word' id='word_1_121' title='bbox 422 2021 521 2087; x_wconf 82' lang='lat' dir='ltr'>corda</span> <span class='ocrx_word' id='word_1_122' title='bbox 535 2022 677 2103; x_wconf 87' lang='lat' dir='ltr'>domans,</span> <span class='ocrx_word' id='word_1_123' title='bbox 683 2024 838 2110; x_wconf 65' lang='lat' dir='ltr'>tingitque</span> <span class='ocrx_word' id='word_1_124' title='bbox 853 2024 1036 2111; x_wconf 86' lang='lat' dir='ltr'>premendo.</span> <span class='ocrx_word' id='word_1_125' title='bbox 1050 2040 1065 2109; x_wconf 74' lang='lat' dir='ltr'><em>s</em></span> <span class='ocrx_word' id='word_1_126' title='bbox 1112 2032 1152 2090; x_wconf 86' lang='lat'>80</span> 
     </span>
     <span class='ocr_line' id='line_1_20' title="bbox 120 2112 898 2212; baseline 0.005 -27"><span class='ocrx_word' id='word_1_127' title='bbox 120 2112 204 2189; x_wconf 78' lang='lat' dir='ltr'>Ouia</span> <span class='ocrx_word' id='word_1_128' title='bbox 212 2126 340 2212; x_wconf 86' lang='lat' dir='ltr'>jamque</span> <span class='ocrx_word' id='word_1_129' title='bbox 354 2124 465 2191; x_wconf 83' lang='lat' dir='ltr'>domtis</span> <span class='ocrx_word' id='word_1_130' title='bbox 479 2123 608 2210; x_wconf 64' lang='lat' dir='ltr'>patuere</span> <span class='ocrx_word' id='word_1_131' title='bbox 623 2126 760 2210; x_wconf 85' lang='lat' dir='ltr'>ingentia</span> <span class='ocrx_word' id='word_1_132' title='bbox 775 2140 898 2189; x_wconf 82' lang='lat' dir='ltr'>centum</span> 
     </span>
     <span class='ocr_line' id='line_1_21' title="bbox 123 2218 1065 2313; baseline 0 -20"><span class='ocrx_word' id='word_1_133' title='bbox 123 2218 228 2307; x_wconf 80' lang='lat' dir='ltr'>Sponte</span> <span class='ocrx_word' id='word_1_134' title='bbox 239 2229 306 2310; x_wconf 77' lang='lat' dir='ltr'>suti,</span> <span class='ocrx_word' id='word_1_135' title='bbox 320 2229 462 2313; x_wconf 80' lang='lat' dir='ltr'>vatisque</span> <span class='ocrx_word' id='word_1_136' title='bbox 477 2229 578 2293; x_wconf 80' lang='lat' dir='ltr'>ferunt</span> <span class='ocrx_word' id='word_1_137' title='bbox 592 2249 744 2313; x_wconf 83' lang='lat' dir='ltr'>responsa</span> <span class='ocrx_word' id='word_1_138' title='bbox 758 2249 817 2312; x_wconf 83' lang='lat' dir='ltr'>per</span> <span class='ocrx_word' id='word_1_139' title='bbox 832 2250 942 2293; x_wconf 82' lang='lat' dir='ltr'>auras:</span> <span class='ocrx_word' id='word_1_140' title='bbox 1062 2224 1065 2229; x_wconf 71' lang='grc'><strong>’</strong></span> 
     </span>
     <span class='ocr_line' id='line_1_22' title="bbox 126 2318 851 2417; baseline -0.003 -22"><span class='ocrx_word' id='word_1_141' title='bbox 126 2318 278 2397; x_wconf 81' lang='lat' dir='ltr'>Oundem</span> <span class='ocrx_word' id='word_1_142' title='bbox 292 2334 414 2417; x_wconf 82' lang='lat' dir='ltr'>magnis</span> <span class='ocrx_word' id='word_1_143' title='bbox 428 2330 532 2416; x_wconf 77' lang='lat' dir='ltr'>pelagi</span> <span class='ocrx_word' id='word_1_144' title='bbox 545 2329 691 2395; x_wconf 86' lang='lat' dir='ltr'>defuncte</span> <span class='ocrx_word' id='word_1_145' title='bbox 706 2329 851 2415; x_wconf 85' lang='lat' dir='ltr'>periclis!</span> 
     </span>
     <span class='ocr_line' id='line_1_23' title="bbox 130 2422 906 2523; baseline 0.003 -28"><span class='ocrx_word' id='word_1_146' title='bbox 130 2422 183 2495; x_wconf 78' lang='lat' dir='ltr'>Sed</span> <span class='ocrx_word' id='word_1_147' title='bbox 194 2436 269 2501; x_wconf 68' lang='grc' dir='ltr'>ῑεπὸ</span> <span class='ocrx_word' id='word_1_148' title='bbox 282 2438 431 2523; x_wconf 83' lang='lat' dir='ltr'>graviora</span> <span class='ocrx_word' id='word_1_149' title='bbox 445 2446 582 2499; x_wconf 86' lang='lat' dir='ltr'>manent.</span> <span class='ocrx_word' id='word_1_150' title='bbox 628 2433 663 2496; x_wconf 91' lang='lat' dir='ltr'>ln</span> <span class='ocrx_word' id='word_1_151' title='bbox 674 2453 774 2519; x_wconf 72' lang='lat' dir='ltr'>regna</span> <span class='ocrx_word' id='word_1_152' title='bbox 788 2431 906 2497; x_wconf 87' lang='lat' dir='ltr'>Lavini</span> 
     </span>
     <span class='ocr_line' id='line_1_24' title="bbox 134 2526 1150 2622; baseline -0.001 -17"><span class='ocrx_word' id='word_1_153' title='bbox 134 2526 302 2605; x_wconf 61' lang='lat' dir='ltr'>&amp;uuida</span> <span class='ocrx_word' id='word_1_154' title='bbox 316 2540 453 2619; x_wconf 84' lang='lat' dir='ltr'>venient,</span> <span class='ocrx_word' id='word_1_155' title='bbox 467 2541 553 2602; x_wconf 89' lang='lat' dir='ltr'>mitte</span> <span class='ocrx_word' id='word_1_156' title='bbox 568 2536 650 2601; x_wconf 89' lang='lat' dir='ltr'>hanc</span> <span class='ocrx_word' id='word_1_157' title='bbox 666 2534 706 2600; x_wconf 89' lang='lat' dir='ltr'>do</span> <span class='ocrx_word' id='word_1_158' title='bbox 721 2549 850 2622; x_wconf 82' lang='lat' dir='ltr'>pectore</span> <span class='ocrx_word' id='word_1_159' title='bbox 864 2558 994 2618; x_wconf 81' lang='lat' dir='ltr'>curam3</span> <span class='ocrx_word' id='word_1_160' title='bbox 1109 2546 1150 2605; x_wconf 79' lang='lat'>85</span> 
     </span>
     <span class='ocr_line' id='line_1_25' title="bbox 136 2630 940 2721; baseline 0.002 -20"><span class='ocrx_word' id='word_1_161' title='bbox 136 2630 185 2701; x_wconf 75' lang='lat' dir='ltr'>Sed</span> <span class='ocrx_word' id='word_1_162' title='bbox 195 2662 246 2707; x_wconf 92' lang='lat' dir='ltr'>non</span> <span class='ocrx_word' id='word_1_163' title='bbox 260 2655 293 2707; x_wconf 86' lang='lat' dir='ltr'>et</span> <span class='ocrx_word' id='word_1_164' title='bbox 307 2642 430 2705; x_wconf 81' lang='lat' dir='ltr'>venisse</span> <span class='ocrx_word' id='word_1_165' title='bbox 445 2640 569 2705; x_wconf 89' lang='lat' dir='ltr'>volent:</span> <span class='ocrx_word' id='word_1_166' title='bbox 591 2637 687 2718; x_wconf 87' lang='lat' dir='ltr'>bella,</span> <span class='ocrx_word' id='word_1_167' title='bbox 700 2636 829 2703; x_wconf 85' lang='lat' dir='ltr'>horrida</span> <span class='ocrx_word' id='word_1_168' title='bbox 844 2638 940 2721; x_wconf 85' lang='lat' dir='ltr'>bella,</span> 
     </span>
     <span class='ocr_line' id='line_1_26' title="bbox 139 2734 938 2833; baseline 0 -22"><span class='ocrx_word' id='word_1_169' title='bbox 139 2734 297 2831; x_wconf 70' lang='lat' dir='ltr'>BtTyuin</span> <span class='ocrx_word' id='word_1_170' title='bbox 312 2746 409 2812; x_wconf 83' lang='lat' dir='ltr'>multo</span> <span class='ocrx_word' id='word_1_171' title='bbox 423 2758 619 2831; x_wconf 81' lang='lat' dir='ltr'>spumantem</span> <span class='ocrx_word' id='word_1_172' title='bbox 633 2747 782 2829; x_wconf 80' lang='lat' dir='ltr'>sanguine</span> <span class='ocrx_word' id='word_1_173' title='bbox 802 2766 910 2811; x_wconf 85' lang='lat' dir='ltr'>cerno.</span> <span class='ocrx_word' id='word_1_174' title='bbox 925 2814 938 2833; x_wconf 60' lang='grc'><strong><em>,</em></strong></span> 
     </span>
     <span class='ocr_line' id='line_1_27' title="bbox 140 2836 969 2932; baseline 0.004 -19"><span class='ocrx_word' id='word_1_175' title='bbox 140 2836 190 2913; x_wconf 73' lang='lat' dir='ltr'>Non</span> <span class='ocrx_word' id='word_1_176' title='bbox 200 2850 304 2917; x_wconf 81' lang='lat' dir='ltr'>Sunois</span> <span class='ocrx_word' id='word_1_177' title='bbox 319 2852 388 2931; x_wconf 91' lang='lat' dir='ltr'>tibi,</span> <span class='ocrx_word' id='word_1_178' title='bbox 401 2873 459 2917; x_wconf 90' lang='lat' dir='ltr'>nec</span> <span class='ocrx_word' id='word_1_179' title='bbox 475 2848 630 2928; x_wconf 78' lang='lat' dir='ltr'>Xanthus,</span> <span class='ocrx_word' id='word_1_180' title='bbox 644 2869 703 2913; x_wconf 88' lang='lat' dir='ltr'>nec</span> <span class='ocrx_word' id='word_1_181' title='bbox 718 2847 840 2911; x_wconf 89' lang='lat' dir='ltr'>Dorica</span> <span class='ocrx_word' id='word_1_182' title='bbox 854 2836 969 2932; x_wconf 73' lang='lat' dir='ltr'>castra,</span> 
     </span>
     <span class='ocr_line' id='line_1_28' title="bbox 141 2938 870 3040; baseline -0.007 -20"><span class='ocrx_word' id='word_1_183' title='bbox 141 2938 295 3019; x_wconf 69' lang='lat' dir='ltr'>Mutine:</span> <span class='ocrx_word' id='word_1_184' title='bbox 315 2954 396 3019; x_wconf 81' lang='lat' dir='ltr'>alius</span> <span class='ocrx_word' id='word_1_185' title='bbox 410 2953 504 3018; x_wconf 86' lang='lat' dir='ltr'>Latio</span> <span class='ocrx_word' id='word_1_186' title='bbox 512 2954 580 3040; x_wconf 86' lang='lat' dir='ltr'>jam</span> <span class='ocrx_word' id='word_1_187' title='bbox 595 2966 703 3038; x_wconf 87' lang='lat' dir='ltr'>partus</span> <span class='ocrx_word' id='word_1_188' title='bbox 718 2950 870 3032; x_wconf 83' lang='lat' dir='ltr'>Achilles,</span> 
     </span>
     <span class='ocr_line' id='line_1_29' title="bbox 142 3040 1145 3143; baseline -0.003 -23"><span class='ocrx_word' id='word_1_189' title='bbox 142 3040 212 3119; x_wconf 71' lang='lat' dir='ltr'>Natus</span> <span class='ocrx_word' id='word_1_190' title='bbox 222 3070 251 3121; x_wconf 86' lang='lat' dir='ltr'>et</span> <span class='ocrx_word' id='word_1_191' title='bbox 264 3059 334 3143; x_wconf 83' lang='lat' dir='ltr'>ipse</span> <span class='ocrx_word' id='word_1_192' title='bbox 348 3056 430 3137; x_wconf 53' lang='lat' dir='ltr'>defu</span> <span class='ocrx_word' id='word_1_193' title='bbox 451 3078 510 3121; x_wconf 89' lang='lat' dir='ltr'>nec</span> <span class='ocrx_word' id='word_1_194' title='bbox 525 3054 657 3119; x_wconf 82' lang='lat' dir='ltr'>Teucris</span> <span class='ocrx_word' id='word_1_195' title='bbox 672 3051 782 3118; x_wconf 87' lang='lat' dir='ltr'>addita</span> <span class='ocrx_word' id='word_1_196' title='bbox 795 3054 878 3117; x_wconf 89' lang='lat' dir='ltr'>June</span> <span class='ocrx_word' id='word_1_197' title='bbox 1104 3061 1145 3118; x_wconf 86' lang='grc'>90</span> 
     </span>
     <span class='ocr_line' id='line_1_30' title="bbox 142 3140 1017 3242; baseline -0.008 -16"><span class='ocrx_word' id='word_1_198' title='bbox 142 3140 248 3239; x_wconf 59' lang='lat' dir='ltr'>Usquam</span> <span class='ocrx_word' id='word_1_199' title='bbox 261 3160 377 3225; x_wconf 82' lang='lat' dir='ltr'>aberit.</span> <span class='ocrx_word' id='word_1_200' title='bbox 420 3158 523 3241; x_wconf 81' lang='lat' dir='ltr'>Quum</span> <span class='ocrx_word' id='word_1_201' title='bbox 539 3169 572 3221; x_wconf 93' lang='lat' dir='ltr'>tu</span> <span class='ocrx_word' id='word_1_202' title='bbox 587 3154 730 3242; x_wconf 85' lang='lat' dir='ltr'>supplex,</span> <span class='ocrx_word' id='word_1_203' title='bbox 745 3158 776 3218; x_wconf 94' lang='lat' dir='ltr'>in</span> <span class='ocrx_word' id='word_1_204' title='bbox 792 3155 886 3219; x_wconf 82' lang='lat' dir='ltr'>rebus</span> <span class='ocrx_word' id='word_1_205' title='bbox 902 3158 1017 3242; x_wconf 79' lang='lat' dir='ltr'>egenis,</span> 
     </span>
     <span class='ocr_line' id='line_1_31' title="bbox 141 3246 973 3347; baseline -0.018 -14"><span class='ocrx_word' id='word_1_206' title='bbox 141 3246 203 3333; x_wconf 60' lang='lat' dir='ltr'>Q!</span> <span class='ocrx_word' id='word_1_207' title='bbox 212 3276 311 3347; x_wconf 80' lang='lat' dir='ltr'>gentes</span> <span class='ocrx_word' id='word_1_208' title='bbox 327 3262 449 3343; x_wconf 72' lang='lat' dir='ltr'>italum,</span> <span class='ocrx_word' id='word_1_209' title='bbox 464 3274 517 3327; x_wconf 88' lang='lat' dir='ltr'>aut</span> <span class='ocrx_word' id='word_1_210' title='bbox 531 3280 610 3347; x_wconf 88' lang='lat' dir='ltr'>quas</span> <span class='ocrx_word' id='word_1_211' title='bbox 624 3280 685 3323; x_wconf 90' lang='lat' dir='ltr'>non</span> <span class='ocrx_word' id='word_1_212' title='bbox 700 3260 843 3322; x_wconf 86' lang='lat' dir='ltr'>oraveris</span> <span class='ocrx_word' id='word_1_213' title='bbox 857 3255 951 3321; x_wconf 84' lang='lat' dir='ltr'>urbes</span> <span class='ocrx_word' id='word_1_214' title='bbox 966 3258 973 3318; x_wconf 94' lang='lat'><strong>!</strong></span> 
     </span>
     <span class='ocr_line' id='line_1_32' title="bbox 142 3346 953 3449; baseline -0.009 -21"><span class='ocrx_word' id='word_1_215' title='bbox 142 3346 219 3427; x_wconf 70' lang='lat' dir='ltr'>etun</span> <span class='ocrx_word' id='word_1_216' title='bbox 228 3364 298 3431; x_wconf 79' lang='lat' dir='ltr'>enti</span> <span class='ocrx_word' id='word_1_217' title='bbox 312 3364 391 3431; x_wconf 82' lang='lat' dir='ltr'>tanti</span> <span class='ocrx_word' id='word_1_218' title='bbox 403 3365 657 3449; x_wconf 81' lang='lat' dir='ltr'>ponjuxiterum,</span> <span class='ocrx_word' id='word_1_219' title='bbox 671 3359 795 3445; x_wconf 86' lang='lat' dir='ltr'>hospita</span> <span class='ocrx_word' id='word_1_220' title='bbox 809 3359 953 3438; x_wconf 83' lang='lat' dir='ltr'>Teucris,</span> 
     </span>
     <span class='ocr_line' id='line_1_33' title="bbox 142 3450 582 3553; baseline -0.007 -19"><span class='ocrx_word' id='word_1_221' title='bbox 142 3450 297 3553; x_wconf 56' lang='lat' dir='ltr'>Ellusique</span> <span class='ocrx_word' id='word_1_222' title='bbox 310 3452 426 3535; x_wconf 76' lang='lat' dir='ltr'>iterent</span> <span class='ocrx_word' id='word_1_223' title='bbox 439 3464 582 3533; x_wconf 79' lang='lat' dir='ltr'>thalami.</span> 
     </span>
     <span class='ocr_line' id='line_1_34' title="bbox 141 3554 1143 3651; baseline -0.006 -20"><span class='ocrx_word' id='word_1_224' title='bbox 141 3554 225 3643; x_wconf 54' lang='lat' dir='ltr'>Rue</span> <span class='ocrx_word' id='word_1_225' title='bbox 235 3570 310 3639; x_wconf 86' lang='lat' dir='ltr'>cede</span> <span class='ocrx_word' id='word_1_226' title='bbox 323 3570 436 3651; x_wconf 87' lang='lat' dir='ltr'>malis;</span> <span class='ocrx_word' id='word_1_227' title='bbox 457 3570 514 3637; x_wconf 86' lang='lat' dir='ltr'>sed</span> <span class='ocrx_word' id='word_1_228' title='bbox 528 3568 639 3635; x_wconf 77' lang='lat' dir='ltr'>eontra</span> <span class='ocrx_word' id='word_1_229' title='bbox 654 3565 818 3632; x_wconf 83' lang='lat' dir='ltr'>audentior</span> <span class='ocrx_word' id='word_1_230' title='bbox 832 3568 887 3644; x_wconf 90' lang='lat' dir='ltr'>ito,</span> <span class='ocrx_word' id='word_1_231' title='bbox 1103 3568 1143 3625; x_wconf 74' lang='lat'>95</span> 
     </span>
     <span class='ocr_line' id='line_1_35' title="bbox 141 3658 888 3758; baseline -0.016 -15"><span class='ocrx_word' id='word_1_232' title='bbox 141 3658 194 3743; x_wconf 58' lang='lat' dir='ltr'>Q</span> <span class='ocrx_word' id='word_1_233' title='bbox 203 3682 247 3737; x_wconf 80' lang='lat' dir='ltr'>tua</span> <span class='ocrx_word' id='word_1_234' title='bbox 257 3688 286 3743; x_wconf 86' lang='lat' dir='ltr'>te</span> <span class='ocrx_word' id='word_1_235' title='bbox 299 3676 424 3743; x_wconf 77' lang='lat' dir='ltr'>fortuna</span> <span class='ocrx_word' id='word_1_236' title='bbox 436 3677 529 3741; x_wconf 84' lang='lat' dir='ltr'>sinet.</span> <span class='ocrx_word' id='word_1_237' title='bbox 574 3672 637 3737; x_wconf 87' lang='lat' dir='ltr'>Via</span> <span class='ocrx_word' id='word_1_238' title='bbox 652 3673 755 3758; x_wconf 85' lang='lat' dir='ltr'>prima</span> <span class='ocrx_word' id='word_1_239' title='bbox 770 3667 888 3749; x_wconf 86' lang='lat' dir='ltr'>salutis,</span> 
     </span>
     <span class='ocr_line' id='line_1_36' title="bbox 142 3758 886 3863; baseline -0.013 -20"><span class='ocrx_word' id='word_1_240' title='bbox 142 3758 213 3843; x_wconf 58' lang='grc' dir='ltr'><strong>Μ</strong></span> <span class='ocrx_word' id='word_1_241' title='bbox 222 3776 336 3845; x_wconf 70' lang='lat' dir='ltr'>minimo</span> <span class='ocrx_word' id='word_1_242' title='bbox 350 3780 441 3859; x_wconf 83' lang='lat' dir='ltr'>reris,</span> <span class='ocrx_word' id='word_1_243' title='bbox 454 3773 555 3843; x_wconf 78' lang='lat' dir='ltr'>Graii</span> <span class='ocrx_word' id='word_1_244' title='bbox 568 3772 724 3863; x_wconf 87' lang='lat' dir='ltr'>pandetur</span> <span class='ocrx_word' id='word_1_245' title='bbox 740 3770 781 3837; x_wconf 89' lang='lat' dir='ltr'>ab</span> <span class='ocrx_word' id='word_1_246' title='bbox 795 3770 886 3835; x_wconf 85' lang='lat' dir='ltr'>urbe.</span> 
     </span>
    </p>
   </div>
   <div class='ocr_carea' id='block_1_3' title="bbox 0 0 1370 5288">
    <p class='ocr_par' dir='ltr' id='par_1_3' title="bbox 0 0 1370 5288">
     <span class='ocr_line' id='line_1_37' title="bbox 0 0 1370 5288; baseline 0 0"><span class='ocrx_word' id='word_1_247' title='bbox 0 0 1370 5288; x_wconf 95' lang='lat' dir='ltr'> </span> 
     </span>
    </p>
   </div>
  </div>
 </body>
</html>
