<?xml version="1.0" encoding="UTF-8"?>
<!DOCTYPE html PUBLIC "-//W3C//DTD XHTML 1.0 Transitional//EN"
    "http://www.w3.org/TR/xhtml1/DTD/xhtml1-transitional.dtd">
<html xmlns="http://www.w3.org/1999/xhtml" xml:lang="en" lang="en">
 <head>
  <title>
</title>
<meta http-equiv="Content-Type" content="text/html;charset=utf-8" />
  <meta name='ocr-system' content='tesseract 3.04.00' />
  <meta name='ocr-capabilities' content='ocr_page ocr_carea ocr_par ocr_line ocrx_word'/>
</head>
<body>
  <div class='ocr_page' id='page_1' title='image "./bucolicageorgic00goulgoog/bucolicageorgic00goulgoog_0403.png"; bbox 0 0 2648 5288; ppageno 0'>
   <div class='ocr_carea' id='block_1_1' title="bbox 498 787 699 849">
    <p class='ocr_par' dir='ltr' id='par_1_1' title="bbox 498 787 699 849">
     <span class='ocr_line' id='line_1_1' title="bbox 498 787 699 849; baseline 0.005 -1"><span class='ocrx_word' id='word_1_1' title='bbox 498 787 617 849; x_wconf 74' lang='lat' dir='ltr'><strong>mult</strong></span> <span class='ocrx_word' id='word_1_2' title='bbox 635 789 699 849; x_wconf 82' lang='lat' dir='ltr'><strong>Xll.</strong></span> 
     </span>
    </p>
   </div>
   <div class='ocr_carea' id='block_1_2' title="bbox 86 946 1129 2594">
    <p class='ocr_par' dir='ltr' id='par_1_2' title="bbox 88 946 1004 1141">
     <span class='ocr_line' id='line_1_2' title="bbox 91 946 1004 1037; baseline 0.001 -22"><span class='ocrx_word' id='word_1_3' title='bbox 91 950 140 1015; x_wconf 91' lang='lat' dir='ltr'><strong>Do</strong></span> <span class='ocrx_word' id='word_1_4' title='bbox 154 947 242 1037; x_wconf 91' lang='lat' dir='ltr'><strong>quod</strong></span> <span class='ocrx_word' id='word_1_5' title='bbox 256 948 314 1030; x_wconf 85' lang='lat' dir='ltr'><strong>vis,</strong></span> <span class='ocrx_word' id='word_1_6' title='bbox 329 961 360 1015; x_wconf 90' lang='lat' dir='ltr'><strong>et</strong></span> <span class='ocrx_word' id='word_1_7' title='bbox 374 968 424 1016; x_wconf 88' lang='lat' dir='ltr'><strong>me</strong></span> <span class='ocrx_word' id='word_1_8' title='bbox 438 949 601 1034; x_wconf 82' lang='lat' dir='ltr'><strong>victusque</strong></span> <span class='ocrx_word' id='word_1_9' title='bbox 618 949 789 1037; x_wconf 84' lang='lat' dir='ltr'><strong>volensque</strong></span> <span class='ocrx_word' id='word_1_10' title='bbox 802 952 940 1017; x_wconf 85' lang='lat' dir='ltr'><strong>remitto.</strong></span> <span class='ocrx_word' id='word_1_11' title='bbox 1000 946 1004 964; x_wconf 85' lang='lat'><em>‘</em></span> 
     </span>
     <span class='ocr_line' id='line_1_3' title="bbox 88 1055 933 1141; baseline 0 -21"><span class='ocrx_word' id='word_1_12' title='bbox 88 1057 274 1120; x_wconf 82' lang='lat' dir='ltr'><strong>Sermonem</strong></span> <span class='ocrx_word' id='word_1_13' title='bbox 288 1055 417 1120; x_wconf 78' lang='lat' dir='ltr'><strong>Ausonii</strong></span> <span class='ocrx_word' id='word_1_14' title='bbox 431 1059 569 1141; x_wconf 86' lang='lat' dir='ltr'><strong>patrium</strong></span> <span class='ocrx_word' id='word_1_15' title='bbox 584 1077 750 1140; x_wconf 87' lang='lat' dir='ltr'><strong>moresque</strong></span> <span class='ocrx_word' id='word_1_16' title='bbox 765 1059 933 1137; x_wconf 85' lang='lat' dir='ltr'><strong>tenebunt3</strong></span> 
     </span>
    </p>

    <p class='ocr_par' dir='ltr' id='par_1_3' title="bbox 87 1154 1129 1347">
     <span class='ocr_line' id='line_1_4' title="bbox 87 1154 1129 1246; baseline 0.003 -24"><span class='ocrx_word' id='word_1_17' title='bbox 87 1154 197 1244; x_wconf 87' lang='lat' dir='ltr'><strong>thue</strong></span> <span class='ocrx_word' id='word_1_18' title='bbox 212 1170 260 1222; x_wconf 86' lang='lat' dir='ltr'><strong>est</strong></span> <span class='ocrx_word' id='word_1_19' title='bbox 274 1178 386 1224; x_wconf 89' lang='lat' dir='ltr'><strong>nomen</strong></span> <span class='ocrx_word' id='word_1_20' title='bbox 402 1161 481 1222; x_wconf 82' lang='lat' dir='ltr'><strong>erit=</strong></span> <span class='ocrx_word' id='word_1_21' title='bbox 503 1160 663 1223; x_wconf 81' lang='lat' dir='ltr'><strong>commixti</strong></span> <span class='ocrx_word' id='word_1_22' title='bbox 677 1181 810 1246; x_wconf 89' lang='lat' dir='ltr'><strong>corpore</strong></span> <span class='ocrx_word' id='word_1_23' title='bbox 825 1158 944 1225; x_wconf 76' lang='lat' dir='ltr'><strong>tentum</strong></span> <span class='ocrx_word' id='word_1_24' title='bbox 1066 1168 1129 1225; x_wconf 82' lang='lat'><strong>835</strong></span> 
     </span>
     <span class='ocr_line' id='line_1_5' title="bbox 88 1259 883 1347; baseline 0.003 -23"><span class='ocrx_word' id='word_1_25' title='bbox 88 1259 262 1325; x_wconf 83' lang='lat' dir='ltr'><strong>Subsident</strong></span> <span class='ocrx_word' id='word_1_26' title='bbox 276 1260 416 1339; x_wconf 79' lang='lat' dir='ltr'><strong>Teucri3</strong></span> <span class='ocrx_word' id='word_1_27' title='bbox 437 1281 556 1326; x_wconf 85' lang='lat' dir='ltr'><strong>morem</strong></span> <span class='ocrx_word' id='word_1_28' title='bbox 571 1262 711 1347; x_wconf 89' lang='lat' dir='ltr'><strong>ritusque</strong></span> <span class='ocrx_word' id='word_1_29' title='bbox 725 1284 883 1327; x_wconf 84' lang='lat' dir='ltr'><strong>sacrorum</strong></span> 
     </span>
    </p>

    <p class='ocr_par' dir='ltr' id='par_1_4' title="bbox 86 1360 873 1449">
     <span class='ocr_line' id='line_1_6' title="bbox 86 1360 873 1449; baseline 0.001 -23"><span class='ocrx_word' id='word_1_30' title='bbox 86 1360 259 1449; x_wconf 85' lang='lat' dir='ltr'><strong>Adjiciam,</strong></span> <span class='ocrx_word' id='word_1_31' title='bbox 273 1362 450 1448; x_wconf 80' lang='lat' dir='ltr'><strong>faciemque</strong></span> <span class='ocrx_word' id='word_1_32' title='bbox 464 1386 572 1428; x_wconf 90' lang='lat' dir='ltr'><strong>omnes</strong></span> <span class='ocrx_word' id='word_1_33' title='bbox 587 1386 649 1428; x_wconf 90' lang='lat' dir='ltr'><strong>uno</strong></span> <span class='ocrx_word' id='word_1_34' title='bbox 663 1386 718 1429; x_wconf 88' lang='lat' dir='ltr'><strong>ore</strong></span> <span class='ocrx_word' id='word_1_35' title='bbox 734 1365 873 1429; x_wconf 73' lang='lat' dir='ltr'><strong>Latinos.</strong></span> 
     </span>
    </p>

    <p class='ocr_par' dir='ltr' id='par_1_5' title="bbox 87 1464 991 1555">
     <span class='ocr_line' id='line_1_7' title="bbox 87 1464 991 1555; baseline 0.004 -26"><span class='ocrx_word' id='word_1_36' title='bbox 87 1464 178 1530; x_wconf 84' lang='lat' dir='ltr'><strong>Hinc</strong></span> <span class='ocrx_word' id='word_1_37' title='bbox 192 1487 301 1553; x_wconf 87' lang='lat' dir='ltr'><strong>genus,</strong></span> <span class='ocrx_word' id='word_1_38' title='bbox 315 1468 453 1532; x_wconf 78' lang='lat' dir='ltr'><strong>Ausonio</strong></span> <span class='ocrx_word' id='word_1_39' title='bbox 467 1468 597 1532; x_wconf 88' lang='lat' dir='ltr'><strong>mixtum</strong></span> <span class='ocrx_word' id='word_1_40' title='bbox 613 1469 696 1553; x_wconf 84' lang='lat' dir='ltr'><strong>quotl</strong></span> <span class='ocrx_word' id='word_1_41' title='bbox 712 1473 861 1555; x_wconf 82' lang='lat' dir='ltr'><strong>sanguine</strong></span> <span class='ocrx_word' id='word_1_42' title='bbox 876 1482 991 1555; x_wconf 83' lang='lat' dir='ltr'>surget,</span> 
     </span>
    </p>

    <p class='ocr_par' dir='ltr' id='par_1_6' title="bbox 88 1568 910 1658">
     <span class='ocr_line' id='line_1_8' title="bbox 88 1568 910 1658; baseline 0.005 -25"><span class='ocrx_word' id='word_1_43' title='bbox 88 1568 193 1655; x_wconf 82' lang='lat' dir='ltr'><strong>Supra</strong></span> <span class='ocrx_word' id='word_1_44' title='bbox 209 1570 359 1652; x_wconf 83' lang='lat' dir='ltr'><strong>homines,</strong></span> <span class='ocrx_word' id='word_1_45' title='bbox 374 1593 468 1658; x_wconf 85' lang='lat' dir='ltr'><strong>supra</strong></span> <span class='ocrx_word' id='word_1_46' title='bbox 483 1576 531 1637; x_wconf 90' lang='lat' dir='ltr'><strong>ire</strong></span> <span class='ocrx_word' id='word_1_47' title='bbox 544 1572 620 1637; x_wconf 86' lang='lat' dir='ltr'><strong>deos</strong></span> <span class='ocrx_word' id='word_1_48' title='bbox 636 1577 752 1658; x_wconf 87' lang='lat' dir='ltr'><strong>pietate</strong></span> <span class='ocrx_word' id='word_1_49' title='bbox 768 1572 910 1653; x_wconf 82' lang='lat' dir='ltr'><strong>videbis3</strong></span> 
     </span>
    </p>

    <p class='ocr_par' dir='ltr' id='par_1_7' title="bbox 89 1671 873 1760">
     <span class='ocr_line' id='line_1_9' title="bbox 89 1671 873 1760; baseline 0.003 -23"><span class='ocrx_word' id='word_1_50' title='bbox 89 1671 162 1737; x_wconf 79' lang='lat' dir='ltr'><strong>Nec</strong></span> <span class='ocrx_word' id='word_1_51' title='bbox 176 1694 254 1759; x_wconf 85' lang='lat' dir='ltr'><strong>gens</strong></span> <span class='ocrx_word' id='word_1_52' title='bbox 268 1673 332 1738; x_wconf 88' lang='lat' dir='ltr'><strong>ulle</strong></span> <span class='ocrx_word' id='word_1_53' title='bbox 347 1688 415 1739; x_wconf 92' lang='lat' dir='ltr'><strong>tuos</strong></span> <span class='ocrx_word' id='word_1_54' title='bbox 430 1677 521 1760; x_wconf 73' lang='lat' dir='ltr'><strong>aequb</strong></span> <span class='ocrx_word' id='word_1_55' title='bbox 535 1675 713 1740; x_wconf 79' lang='lat' dir='ltr'>celebrabit</span> <span class='ocrx_word' id='word_1_56' title='bbox 728 1675 873 1740; x_wconf 83' lang='lat' dir='ltr'><strong>honores.</strong></span> 
     </span>
    </p>

    <p class='ocr_par' dir='ltr' id='par_1_8' title="bbox 95 1776 847 1857">
     <span class='ocr_line' id='line_1_10' title="bbox 95 1776 847 1857; baseline 0.004 -17"><span class='ocrx_word' id='word_1_57' title='bbox 95 1778 212 1840; x_wconf 80' lang='lat' dir='ltr'><strong>Annuit</strong></span> <span class='ocrx_word' id='word_1_58' title='bbox 227 1776 276 1841; x_wconf 93' lang='lat' dir='ltr'><strong>his</strong></span> <span class='ocrx_word' id='word_1_59' title='bbox 291 1778 383 1857; x_wconf 86' lang='lat' dir='ltr'><strong>Juno,</strong></span> <span class='ocrx_word' id='word_1_60' title='bbox 397 1790 429 1842; x_wconf 91' lang='lat' dir='ltr'><strong>et</strong></span> <span class='ocrx_word' id='word_1_61' title='bbox 443 1792 576 1843; x_wconf 90' lang='lat' dir='ltr'><strong>mentem</strong></span> <span class='ocrx_word' id='word_1_62' title='bbox 593 1779 696 1844; x_wconf 84' lang='lat' dir='ltr'><strong>laetatu</strong></span> <span class='ocrx_word' id='word_1_63' title='bbox 711 1782 847 1843; x_wconf 77' lang='lat' dir='ltr'><strong>retorsit.</strong></span> 
     </span>
    </p>

    <p class='ocr_par' dir='ltr' id='par_1_9' title="bbox 95 1879 812 1970">
     <span class='ocr_line' id='line_1_11' title="bbox 95 1879 812 1970; baseline 0.007 -26"><span class='ocrx_word' id='word_1_64' title='bbox 95 1879 219 1945; x_wconf 86' lang='lat' dir='ltr'><strong>luterea</strong></span> <span class='ocrx_word' id='word_1_65' title='bbox 234 1881 360 1946; x_wconf 85' lang='lat' dir='ltr'>excedit</span> <span class='ocrx_word' id='word_1_66' title='bbox 374 1883 466 1963; x_wconf 87' lang='lat' dir='ltr'><strong>coeln,</strong></span> <span class='ocrx_word' id='word_1_67' title='bbox 480 1886 659 1970; x_wconf 89' lang='lat' dir='ltr'><strong>nubemque</strong></span> <span class='ocrx_word' id='word_1_68' title='bbox 673 1885 812 1970; x_wconf 87' lang='lat' dir='ltr'><strong>reliquit.</strong></span> 
     </span>
    </p>

    <p class='ocr_par' dir='ltr' id='par_1_10' title="bbox 97 1984 897 2285">
     <span class='ocr_line' id='line_1_12' title="bbox 136 1984 897 2074; baseline 0.007 -27"><span class='ocrx_word' id='word_1_69' title='bbox 136 1984 200 2048; x_wconf 85' lang='lat' dir='ltr'><strong>His</strong></span> <span class='ocrx_word' id='word_1_70' title='bbox 215 1986 305 2065; x_wconf 85' lang='lat' dir='ltr'><strong>actis,</strong></span> <span class='ocrx_word' id='word_1_71' title='bbox 319 1986 402 2051; x_wconf 84' lang='lat' dir='ltr'><strong>aliud</strong></span> <span class='ocrx_word' id='word_1_72' title='bbox 418 1992 540 2073; x_wconf 84' lang='lat' dir='ltr'><strong>genitor</strong></span> <span class='ocrx_word' id='word_1_73' title='bbox 555 2010 660 2052; x_wconf 88' lang='lat' dir='ltr'><strong>secum</strong></span> <span class='ocrx_word' id='word_1_74' title='bbox 675 1992 744 2074; x_wconf 89' lang='lat' dir='ltr'><strong>ipse</strong></span> <span class='ocrx_word' id='word_1_75' title='bbox 760 1988 897 2069; x_wconf 83' lang='lat' dir='ltr'><strong>volutat3</strong></span> 
     </span>
     <span class='ocr_line' id='line_1_13' title="bbox 97 2083 897 2174; baseline 0.01 -26"><span class='ocrx_word' id='word_1_76' title='bbox 97 2083 320 2171; x_wconf 79' lang='lat' dir='ltr'><strong>luturnomque</strong></span> <span class='ocrx_word' id='word_1_77' title='bbox 334 2104 426 2174; x_wconf 83' lang='lat' dir='ltr'><strong>perat</strong></span> <span class='ocrx_word' id='word_1_78' title='bbox 440 2090 545 2154; x_wconf 83' lang='lat' dir='ltr'><strong>fratris</strong></span> <span class='ocrx_word' id='word_1_79' title='bbox 559 2091 715 2154; x_wconf 81' lang='lat' dir='ltr'>dimittere</span> <span class='ocrx_word' id='word_1_80' title='bbox 732 2091 775 2155; x_wconf 88' lang='lat' dir='ltr'><strong>ab</strong></span> <span class='ocrx_word' id='word_1_81' title='bbox 789 2095 897 2156; x_wconf 81' lang='lat' dir='ltr'><strong>armis.</strong></span> 
     </span>
     <span class='ocr_line' id='line_1_14' title="bbox 97 2189 825 2285; baseline 0.012 -29"><span class='ocrx_word' id='word_1_82' title='bbox 97 2189 252 2258; x_wconf 82' lang='lat' dir='ltr'><strong>Dicuntur</strong></span> <span class='ocrx_word' id='word_1_83' title='bbox 265 2197 395 2281; x_wconf 80' lang='lat' dir='ltr'><strong>geminae</strong></span> <span class='ocrx_word' id='word_1_84' title='bbox 409 2211 514 2283; x_wconf 86' lang='lat' dir='ltr'><strong>pestes</strong></span> <span class='ocrx_word' id='word_1_85' title='bbox 529 2203 711 2285; x_wconf 85' lang='lat' dir='ltr'><strong>cognomine</strong></span> <span class='ocrx_word' id='word_1_86' title='bbox 726 2199 825 2280; x_wconf 71' lang='lat' dir='ltr'><strong>Dim,</strong></span> 
     </span>
    </p>

    <p class='ocr_par' dir='ltr' id='par_1_11' title="bbox 97 2296 913 2594">
     <span class='ocr_line' id='line_1_15' title="bbox 97 2296 900 2394; baseline 0.009 -30"><span class='ocrx_word' id='word_1_87' title='bbox 97 2296 182 2378; x_wconf 76' lang='lat' dir='ltr'><strong>Quas</strong></span> <span class='ocrx_word' id='word_1_88' title='bbox 194 2312 227 2365; x_wconf 85' lang='lat' dir='ltr'><strong>et</strong></span> <span class='ocrx_word' id='word_1_89' title='bbox 240 2298 428 2368; x_wconf 84' lang='lat' dir='ltr'><strong>Tartaream</strong></span> <span class='ocrx_word' id='word_1_90' title='bbox 442 2302 514 2365; x_wconf 88' lang='lat' dir='ltr'><strong>Nox</strong></span> <span class='ocrx_word' id='word_1_91' title='bbox 530 2305 713 2390; x_wconf 81' lang='lat' dir='ltr'><strong>intempesta</strong></span> <span class='ocrx_word' id='word_1_92' title='bbox 729 2303 900 2394; x_wconf 80' lang='lat' dir='ltr'><strong>Megaeram</strong></span> 
     </span>
     <span class='ocr_line' id='line_1_16' title="bbox 100 2397 913 2494; baseline 0.012 -31"><span class='ocrx_word' id='word_1_93' title='bbox 100 2397 169 2466; x_wconf 89' lang='lat' dir='ltr'><strong>Uno</strong></span> <span class='ocrx_word' id='word_1_94' title='bbox 182 2402 359 2490; x_wconf 83' lang='lat' dir='ltr'><strong>eodemque</strong></span> <span class='ocrx_word' id='word_1_95' title='bbox 371 2405 442 2469; x_wconf 91' lang='lat' dir='ltr'><strong>tulit</strong></span> <span class='ocrx_word' id='word_1_96' title='bbox 456 2420 557 2491; x_wconf 63' lang='lat' dir='ltr'><strong>mortu,</strong></span> <span class='ocrx_word' id='word_1_97' title='bbox 572 2408 763 2494; x_wconf 86' lang='lat' dir='ltr'><strong>paribusque</strong></span> <span class='ocrx_word' id='word_1_98' title='bbox 777 2408 913 2474; x_wconf 86' lang='lat' dir='ltr'><strong>rer-inxit</strong></span> 
     </span>
     <span class='ocr_line' id='line_1_17' title="bbox 102 2504 857 2594; baseline 0.011 -26"><span class='ocrx_word' id='word_1_99' title='bbox 102 2504 284 2592; x_wconf 79' lang='lat' dir='ltr'><strong>Serpentum</strong></span> <span class='ocrx_word' id='word_1_100' title='bbox 299 2510 401 2594; x_wconf 83' lang='lat' dir='ltr'><strong>spiris,</strong></span> <span class='ocrx_word' id='word_1_101' title='bbox 415 2524 624 2594; x_wconf 80' lang='lat' dir='ltr'><strong>ventosasque</strong></span> <span class='ocrx_word' id='word_1_102' title='bbox 639 2511 764 2576; x_wconf 88' lang='lat' dir='ltr'><strong>addidit</strong></span> <span class='ocrx_word' id='word_1_103' title='bbox 778 2512 857 2578; x_wconf 88' lang='lat' dir='ltr'><strong>alas.</strong></span> 
     </span>
    </p>
   </div>
   <div class='ocr_carea' id='block_1_3' title="bbox 101 2607 908 2802">
    <p class='ocr_par' dir='ltr' id='par_1_12' title="bbox 101 2607 908 2802">
     <span class='ocr_line' id='line_1_18' title="bbox 101 2607 880 2700; baseline 0.012 -29"><span class='ocrx_word' id='word_1_104' title='bbox 101 2607 160 2672; x_wconf 76' lang='lat' dir='ltr'><strong>11ae</strong></span> <span class='ocrx_word' id='word_1_105' title='bbox 174 2610 265 2674; x_wconf 78' lang='lat' dir='ltr'><strong>Jom&#39;s</strong></span> <span class='ocrx_word' id='word_1_106' title='bbox 279 2610 320 2674; x_wconf 91' lang='lat' dir='ltr'><strong>ad</strong></span> <span class='ocrx_word' id='word_1_107' title='bbox 335 2611 455 2692; x_wconf 90' lang='lat' dir='ltr'><strong>solium,</strong></span> <span class='ocrx_word' id='word_1_108' title='bbox 469 2616 607 2698; x_wconf 73' lang='lat' dir='ltr'><strong>seerique</strong></span> <span class='ocrx_word' id='word_1_109' title='bbox 622 2617 653 2678; x_wconf 93' lang='lat' dir='ltr'><strong>in</strong></span> <span class='ocrx_word' id='word_1_110' title='bbox 669 2616 774 2679; x_wconf 86' lang='lat' dir='ltr'><strong>limine</strong></span> <span class='ocrx_word' id='word_1_111' title='bbox 788 2616 880 2700; x_wconf 82' lang='lat' dir='ltr'><strong>regis,</strong></span> 
     </span>
     <span class='ocr_line' id='line_1_19' title="bbox 103 2712 908 2802; baseline 0.006 -27"><span class='ocrx_word' id='word_1_112' title='bbox 103 2712 271 2799; x_wconf 63' lang='lat' dir='ltr'><strong>:inpetrent</strong></span> <span class='ocrx_word' id='word_1_113' title='bbox 287 2729 462 2800; x_wconf 82' lang='lat' dir='ltr'><strong>acuuntque</strong></span> <span class='ocrx_word' id='word_1_114' title='bbox 478 2733 592 2780; x_wconf 87' lang='lat' dir='ltr'><strong>metum</strong></span> <span class='ocrx_word' id='word_1_115' title='bbox 607 2718 792 2782; x_wconf 84' lang='lat' dir='ltr'><strong>mortalibus</strong></span> <span class='ocrx_word' id='word_1_116' title='bbox 806 2721 908 2802; x_wconf 74' lang='lat' dir='ltr'><strong>egris,</strong></span> 
     </span>
    </p>
   </div>
   <div class='ocr_carea' id='block_1_4' title="bbox 104 2815 966 2999">
    <p class='ocr_par' dir='ltr' id='par_1_13' title="bbox 104 2815 966 2999">
     <span class='ocr_line' id='line_1_20' title="bbox 104 2815 966 2905; baseline 0.009 -27"><span class='ocrx_word' id='word_1_117' title='bbox 104 2815 272 2901; x_wconf 88' lang='lat' dir='ltr'><strong>Siquando</strong></span> <span class='ocrx_word' id='word_1_118' title='bbox 288 2817 382 2883; x_wconf 86' lang='lat' dir='ltr'><strong>letum</strong></span> <span class='ocrx_word' id='word_1_119' title='bbox 399 2821 579 2884; x_wconf 84' lang='lat' dir='ltr'><strong>horrificum</strong></span> <span class='ocrx_word' id='word_1_120' title='bbox 596 2823 784 2905; x_wconf 85' lang='lat' dir='ltr'><strong>morbosque</strong></span> <span class='ocrx_word' id='word_1_121' title='bbox 799 2822 894 2886; x_wconf 82' lang='lat' dir='ltr'><strong>deum</strong></span> <span class='ocrx_word' id='word_1_122' title='bbox 909 2843 966 2886; x_wconf 87' lang='lat' dir='ltr'><strong>rex</strong></span> 
     </span>
     <span class='ocr_line' id='line_1_21' title="bbox 106 2916 806 2999; baseline 0.007 -18"><span class='ocrx_word' id='word_1_123' title='bbox 106 2916 238 2999; x_wconf 86' lang='lat' dir='ltr'><strong>Molitur,</strong></span> <span class='ocrx_word' id='word_1_124' title='bbox 253 2925 380 2986; x_wconf 87' lang='lat' dir='ltr'><strong>meritas</strong></span> <span class='ocrx_word' id='word_1_125' title='bbox 396 2936 449 2987; x_wconf 90' lang='lat' dir='ltr'><strong>aut</strong></span> <span class='ocrx_word' id='word_1_126' title='bbox 463 2922 547 2987; x_wconf 90' lang='lat' dir='ltr'><strong>bello</strong></span> <span class='ocrx_word' id='word_1_127' title='bbox 564 2927 685 2987; x_wconf 87' lang='lat' dir='ltr'><strong>territat</strong></span> <span class='ocrx_word' id='word_1_128' title='bbox 699 2924 806 2987; x_wconf 87' lang='lat' dir='ltr'><strong>urbes.</strong></span> 
     </span>
    </p>
   </div>
   <div class='ocr_carea' id='block_1_5' title="bbox 105 3022 1140 4557">
    <p class='ocr_par' dir='ltr' id='par_1_14' title="bbox 105 3022 1140 4557">
     <span class='ocr_line' id='line_1_22' title="bbox 106 3022 948 3090; baseline 0.005 -4"><span class='ocrx_word' id='word_1_129' title='bbox 106 3022 225 3087; x_wconf 89' lang='lat' dir='ltr'><strong>llarum</strong></span> <span class='ocrx_word' id='word_1_130' title='bbox 240 3045 333 3087; x_wconf 90' lang='lat' dir='ltr'><strong>unam</strong></span> <span class='ocrx_word' id='word_1_131' title='bbox 346 3024 483 3088; x_wconf 89' lang='lat' dir='ltr'><strong>celerem</strong></span> <span class='ocrx_word' id='word_1_132' title='bbox 499 3025 623 3088; x_wconf 86' lang='lat' dir='ltr'><strong>demisit</strong></span> <span class='ocrx_word' id='word_1_133' title='bbox 639 3026 681 3088; x_wconf 90' lang='lat' dir='ltr'><strong>ab</strong></span> <span class='ocrx_word' id='word_1_134' title='bbox 694 3025 813 3090; x_wconf 81' lang='lat' dir='ltr'><strong>aethere</strong></span> <span class='ocrx_word' id='word_1_135' title='bbox 828 3045 948 3090; x_wconf 91' lang='lat' dir='ltr'><strong>summo</strong></span> 
     </span>
     <span class='ocr_line' id='line_1_23' title="bbox 105 3126 898 3216; baseline 0.004 -27"><span class='ocrx_word' id='word_1_136' title='bbox 105 3126 234 3213; x_wconf 81' lang='lat' dir='ltr'><strong>Jupiter,</strong></span> <span class='ocrx_word' id='word_1_137' title='bbox 248 3130 341 3213; x_wconf 92' lang='lat' dir='ltr'><strong>inque</strong></span> <span class='ocrx_word' id='word_1_138' title='bbox 356 3150 446 3191; x_wconf 87' lang='lat' dir='ltr'><strong>omen</strong></span> <span class='ocrx_word' id='word_1_139' title='bbox 462 3129 601 3192; x_wconf 82' lang='lat' dir='ltr'><strong>Juturnae</strong></span> <span class='ocrx_word' id='word_1_140' title='bbox 617 3150 785 3203; x_wconf 88' lang='lat' dir='ltr'><strong>occurrere</strong></span> <span class='ocrx_word' id='word_1_141' title='bbox 796 3129 898 3216; x_wconf 86' lang='lat' dir='ltr'><strong>jussit.</strong></span> 
     </span>
     <span class='ocr_line' id='line_1_24' title="bbox 105 3227 1137 3316; baseline 0.003 -23"><span class='ocrx_word' id='word_1_142' title='bbox 105 3227 159 3295; x_wconf 85' lang='lat' dir='ltr'><strong>llla</strong></span> <span class='ocrx_word' id='word_1_143' title='bbox 173 3231 268 3311; x_wconf 85' lang='lat' dir='ltr'><strong>volat,</strong></span> <span class='ocrx_word' id='word_1_144' title='bbox 283 3231 444 3316; x_wconf 88' lang='lat' dir='ltr'><strong>celerique</strong></span> <span class='ocrx_word' id='word_1_145' title='bbox 459 3233 500 3295; x_wconf 87' lang='lat' dir='ltr'><strong>ad</strong></span> <span class='ocrx_word' id='word_1_146' title='bbox 516 3245 630 3296; x_wconf 86' lang='lat' dir='ltr'><strong>terram</strong></span> <span class='ocrx_word' id='word_1_147' title='bbox 647 3234 771 3297; x_wconf 86' lang='lat' dir='ltr'><strong>turbine</strong></span> <span class='ocrx_word' id='word_1_148' title='bbox 786 3234 902 3298; x_wconf 82' lang='lat' dir='ltr'><strong>fertur:</strong></span> <span class='ocrx_word' id='word_1_149' title='bbox 1075 3241 1137 3298; x_wconf 79' lang='lat'><strong>855</strong></span> 
     </span>
     <span class='ocr_line' id='line_1_25' title="bbox 105 3332 925 3425; baseline 0.007 -27"><span class='ocrx_word' id='word_1_150' title='bbox 105 3332 171 3400; x_wconf 83' lang='lat' dir='ltr'><strong>Non</strong></span> <span class='ocrx_word' id='word_1_151' title='bbox 185 3357 277 3400; x_wconf 90' lang='lat' dir='ltr'><strong>secus</strong></span> <span class='ocrx_word' id='word_1_152' title='bbox 292 3356 329 3399; x_wconf 86' lang='lat' dir='ltr'><strong>ac</strong></span> <span class='ocrx_word' id='word_1_153' title='bbox 344 3357 441 3399; x_wconf 89' lang='lat' dir='ltr'><strong>nervo</strong></span> <span class='ocrx_word' id='word_1_154' title='bbox 455 3357 514 3421; x_wconf 91' lang='lat' dir='ltr'><strong>per</strong></span> <span class='ocrx_word' id='word_1_155' title='bbox 527 3337 641 3401; x_wconf 90' lang='lat' dir='ltr'><strong>nubem</strong></span> <span class='ocrx_word' id='word_1_156' title='bbox 657 3337 791 3423; x_wconf 89' lang='lat' dir='ltr'><strong>impulsa</strong></span> <span class='ocrx_word' id='word_1_157' title='bbox 802 3343 925 3425; x_wconf 87' lang='lat' dir='ltr'><strong>sagitta,</strong></span> 
     </span>
     <span class='ocr_line' id='line_1_26' title="bbox 108 3438 840 3524; baseline 0.004 -22"><span class='ocrx_word' id='word_1_158' title='bbox 108 3439 264 3503; x_wconf 77' lang='lat' dir='ltr'><strong>Armatam</strong></span> <span class='ocrx_word' id='word_1_159' title='bbox 280 3438 354 3502; x_wconf 82' lang='lat' dir='ltr'><strong>saevi</strong></span> <span class='ocrx_word' id='word_1_160' title='bbox 369 3438 503 3503; x_wconf 86' lang='lat' dir='ltr'><strong>Parthus</strong></span> <span class='ocrx_word' id='word_1_161' title='bbox 518 3458 612 3524; x_wconf 86' lang='lat' dir='ltr'><strong>quam</strong></span> <span class='ocrx_word' id='word_1_162' title='bbox 628 3440 700 3503; x_wconf 89' lang='lat' dir='ltr'><strong>selle</strong></span> <span class='ocrx_word' id='word_1_163' title='bbox 718 3445 840 3522; x_wconf 85' lang='lat' dir='ltr'><strong>veneni,</strong></span> 
     </span>
     <span class='ocr_line' id='line_1_27' title="bbox 109 3540 960 3627; baseline 0.002 -21"><span class='ocrx_word' id='word_1_164' title='bbox 109 3540 247 3621; x_wconf 83' lang='lat' dir='ltr'><strong>Parthus,</strong></span> <span class='ocrx_word' id='word_1_165' title='bbox 262 3545 329 3605; x_wconf 89' lang='lat' dir='ltr'><strong>sive</strong></span> <span class='ocrx_word' id='word_1_166' title='bbox 343 3541 470 3627; x_wconf 85' lang='lat' dir='ltr'><strong>Cydon,</strong></span> <span class='ocrx_word' id='word_1_167' title='bbox 485 3540 579 3606; x_wconf 90' lang='lat' dir='ltr'><strong>telum</strong></span> <span class='ocrx_word' id='word_1_168' title='bbox 595 3542 837 3623; x_wconf 81' lang='lat' dir='ltr'><strong>immedicabile,</strong></span> <span class='ocrx_word' id='word_1_169' title='bbox 853 3545 960 3625; x_wconf 79' lang='lat' dir='ltr'><strong>torsit,</strong></span> 
     </span>
     <span class='ocr_line' id='line_1_28' title="bbox 109 3643 908 3729; baseline 0.001 -21"><span class='ocrx_word' id='word_1_170' title='bbox 109 3643 255 3723; x_wconf 87' lang='lat' dir='ltr'><strong>Stridens,</strong></span> <span class='ocrx_word' id='word_1_171' title='bbox 270 3659 301 3708; x_wconf 92' lang='lat' dir='ltr'><strong>et</strong></span> <span class='ocrx_word' id='word_1_172' title='bbox 315 3644 435 3708; x_wconf 88' lang='lat' dir='ltr'><strong>celeres</strong></span> <span class='ocrx_word' id='word_1_173' title='bbox 451 3644 609 3729; x_wconf 87' lang='lat' dir='ltr'><strong>incognita</strong></span> <span class='ocrx_word' id='word_1_174' title='bbox 623 3643 755 3708; x_wconf 84' lang='lat' dir='ltr'><strong>transilit</strong></span> <span class='ocrx_word' id='word_1_175' title='bbox 770 3645 908 3709; x_wconf 90' lang='lat' dir='ltr'><strong>umbras.</strong></span> 
     </span>
     <span class='ocr_line' id='line_1_29' title="bbox 108 3743 843 3834; baseline 0.003 -24"><span class='ocrx_word' id='word_1_176' title='bbox 108 3743 189 3814; x_wconf 82' lang='lat' dir='ltr'><strong>Talis</strong></span> <span class='ocrx_word' id='word_1_177' title='bbox 205 3770 239 3813; x_wconf 89' lang='lat' dir='ltr'><strong>se</strong></span> <span class='ocrx_word' id='word_1_178' title='bbox 253 3761 323 3813; x_wconf 87' lang='lat' dir='ltr'><strong>sata</strong></span> <span class='ocrx_word' id='word_1_179' title='bbox 338 3749 437 3813; x_wconf 86' lang='lat' dir='ltr'><strong>Nocte</strong></span> <span class='ocrx_word' id='word_1_180' title='bbox 453 3747 532 3828; x_wconf 87' lang='lat' dir='ltr'><strong>tulit,</strong></span> <span class='ocrx_word' id='word_1_181' title='bbox 547 3761 708 3832; x_wconf 88' lang='lat' dir='ltr'><strong>terrasque</strong></span> <span class='ocrx_word' id='word_1_182' title='bbox 722 3748 843 3834; x_wconf 86' lang='lat' dir='ltr'><strong>petivit.</strong></span> 
     </span>
     <span class='ocr_line' id='line_1_30' title="bbox 146 3849 1014 3936; baseline 0.001 -21"><span class='ocrx_word' id='word_1_183' title='bbox 146 3850 315 3936; x_wconf 89' lang='lat' dir='ltr'><strong>Postquam</strong></span> <span class='ocrx_word' id='word_1_184' title='bbox 329 3851 415 3915; x_wconf 90' lang='lat' dir='ltr'><strong>acies</strong></span> <span class='ocrx_word' id='word_1_185' title='bbox 429 3849 515 3914; x_wconf 84' lang='lat' dir='ltr'><strong>videt</strong></span> <span class='ocrx_word' id='word_1_186' title='bbox 531 3851 642 3915; x_wconf 88' lang='lat' dir='ltr'><strong>llincns</strong></span> <span class='ocrx_word' id='word_1_187' title='bbox 658 3865 752 3935; x_wconf 87' lang='lat' dir='ltr'><strong>atque</strong></span> <span class='ocrx_word' id='word_1_188' title='bbox 768 3851 891 3936; x_wconf 85' lang='lat' dir='ltr'><strong>agmina</strong></span> <span class='ocrx_word' id='word_1_189' title='bbox 906 3852 1014 3932; x_wconf 87' lang='lat' dir='ltr'><strong>Turni,</strong></span> 
     </span>
     <span class='ocr_line' id='line_1_31' title="bbox 110 3952 819 4041; baseline 0.001 -25"><span class='ocrx_word' id='word_1_190' title='bbox 110 3952 196 4018; x_wconf 77' lang='lat' dir='ltr'><strong>Alitis</strong></span> <span class='ocrx_word' id='word_1_191' title='bbox 210 3957 243 4018; x_wconf 91' lang='lat' dir='ltr'><strong>in</strong></span> <span class='ocrx_word' id='word_1_192' title='bbox 257 3975 366 4039; x_wconf 82' lang='lat' dir='ltr'><strong>parvae</strong></span> <span class='ocrx_word' id='word_1_193' title='bbox 381 3954 515 4019; x_wconf 88' lang='lat' dir='ltr'><strong>subitam</strong></span> <span class='ocrx_word' id='word_1_194' title='bbox 530 3955 663 4018; x_wconf 85' lang='lat' dir='ltr'><strong>collecta</strong></span> <span class='ocrx_word' id='word_1_195' title='bbox 679 3955 819 4041; x_wconf 82' lang='lat' dir='ltr'><strong>figuram,</strong></span> 
     </span>
     <span class='ocr_line' id='line_1_32' title="bbox 110 4056 936 4143; baseline 0.002 -23"><span class='ocrx_word' id='word_1_196' title='bbox 110 4056 182 4139; x_wconf 71' lang='lat' dir='ltr'><strong>Qrae</strong></span> <span class='ocrx_word' id='word_1_197' title='bbox 197 4056 357 4143; x_wconf 89' lang='lat' dir='ltr'><strong>quondam</strong></span> <span class='ocrx_word' id='word_1_198' title='bbox 372 4058 403 4122; x_wconf 95' lang='lat' dir='ltr'><strong>in</strong></span> <span class='ocrx_word' id='word_1_199' title='bbox 411 4058 518 4122; x_wconf 84' lang='lat' dir='ltr'><strong>bustis</strong></span> <span class='ocrx_word' id='word_1_200' title='bbox 533 4072 586 4122; x_wconf 91' lang='lat' dir='ltr'><strong>aut</strong></span> <span class='ocrx_word' id='word_1_201' title='bbox 600 4058 789 4122; x_wconf 81' lang='lat' dir='ltr'><strong>culminibus</strong></span> <span class='ocrx_word' id='word_1_202' title='bbox 803 4056 936 4122; x_wconf 88' lang='lat' dir='ltr'><strong>desertis</strong></span> 
     </span>
     <span class='ocr_line' id='line_1_33' title="bbox 111 4158 970 4248; baseline 0.002 -24"><span class='ocrx_word' id='word_1_203' title='bbox 111 4158 206 4225; x_wconf 85' lang='lat' dir='ltr'><strong>Nocte</strong></span> <span class='ocrx_word' id='word_1_204' title='bbox 221 4160 334 4226; x_wconf 89' lang='lat' dir='ltr'><strong>sedens</strong></span> <span class='ocrx_word' id='word_1_205' title='bbox 349 4160 452 4225; x_wconf 79' lang='lat' dir='ltr'><strong>sertim</strong></span> <span class='ocrx_word' id='word_1_206' title='bbox 466 4166 552 4226; x_wconf 89' lang='lat' dir='ltr'><strong>canit</strong></span> <span class='ocrx_word' id='word_1_207' title='bbox 564 4165 740 4247; x_wconf 88' lang='lat' dir='ltr'><strong>importuna</strong></span> <span class='ocrx_word' id='word_1_208' title='bbox 755 4185 812 4248; x_wconf 77' lang='lat' dir='ltr'><strong>per</strong></span> <span class='ocrx_word' id='word_1_209' title='bbox 827 4162 970 4226; x_wconf 87' lang='lat' dir='ltr'><strong>umbras:</strong></span> 
     </span>
     <span class='ocr_line' id='line_1_34' title="bbox 112 4262 1140 4350; baseline 0.006 -22"><span class='ocrx_word' id='word_1_210' title='bbox 112 4262 202 4329; x_wconf 85' lang='lat' dir='ltr'><strong>Hanc</strong></span> <span class='ocrx_word' id='word_1_211' title='bbox 217 4287 312 4330; x_wconf 86' lang='lat' dir='ltr'><strong>versa</strong></span> <span class='ocrx_word' id='word_1_212' title='bbox 326 4268 358 4330; x_wconf 90' lang='lat' dir='ltr'><strong>in</strong></span> <span class='ocrx_word' id='word_1_213' title='bbox 373 4266 495 4346; x_wconf 80' lang='lat' dir='ltr'><strong>faciem,</strong></span> <span class='ocrx_word' id='word_1_214' title='bbox 510 4263 609 4329; x_wconf 88' lang='lat' dir='ltr'><strong>Turni</strong></span> <span class='ocrx_word' id='word_1_215' title='bbox 624 4288 657 4328; x_wconf 87' lang='lat' dir='ltr'><strong>se</strong></span> <span class='ocrx_word' id='word_1_216' title='bbox 673 4266 768 4350; x_wconf 88' lang='lat' dir='ltr'><strong>pestis</strong></span> <span class='ocrx_word' id='word_1_217' title='bbox 782 4267 824 4329; x_wconf 95' lang='lat' dir='ltr'><strong>ob</strong></span> <span class='ocrx_word' id='word_1_218' title='bbox 840 4287 897 4329; x_wconf 88' lang='lat' dir='ltr'><strong>ora</strong></span> <span class='ocrx_word' id='word_1_219' title='bbox 1080 4274 1140 4334; x_wconf 84' lang='lat'><strong>865</strong></span> 
     </span>
     <span class='ocr_line' id='line_1_35' title="bbox 112 4364 1044 4454; baseline 0.004 -24"><span class='ocrx_word' id='word_1_220' title='bbox 112 4364 243 4451; x_wconf 80' lang='lat' dir='ltr'><strong>Fertque</strong></span> <span class='ocrx_word' id='word_1_221' title='bbox 258 4370 417 4454; x_wconf 82' lang='lat' dir='ltr'><strong>refertque</strong></span> <span class='ocrx_word' id='word_1_222' title='bbox 431 4390 554 4448; x_wconf 86' lang='lat' dir='ltr'><strong>sonans,</strong></span> <span class='ocrx_word' id='word_1_223' title='bbox 568 4367 779 4454; x_wconf 87' lang='lat' dir='ltr'><strong>clypeumque</strong></span> <span class='ocrx_word' id='word_1_224' title='bbox 794 4369 960 4433; x_wconf 82' lang='lat' dir='ltr'><strong>everberat</strong></span> <span class='ocrx_word' id='word_1_225' title='bbox 975 4369 1044 4434; x_wconf 85' lang='lat' dir='ltr'><strong>alis.</strong></span> 
     </span>
     <span class='ocr_line' id='line_1_36' title="bbox 115 4468 848 4557; baseline 0.011 -26"><span class='ocrx_word' id='word_1_226' title='bbox 115 4468 157 4535; x_wconf 83' lang='lat' dir='ltr'><strong>ttti</strong></span> <span class='ocrx_word' id='word_1_227' title='bbox 174 4473 317 4537; x_wconf 90' lang='lat' dir='ltr'><strong>membra</strong></span> <span class='ocrx_word' id='word_1_228' title='bbox 333 4494 430 4539; x_wconf 86' lang='lat' dir='ltr'><strong>novus</strong></span> <span class='ocrx_word' id='word_1_229' title='bbox 445 4473 537 4536; x_wconf 80' lang='lat' dir='ltr'><strong>solvit</strong></span> <span class='ocrx_word' id='word_1_230' title='bbox 552 4472 716 4535; x_wconf 87' lang='lat' dir='ltr'><strong>formidine</strong></span> <span class='ocrx_word' id='word_1_231' title='bbox 733 4486 848 4557; x_wconf 74' lang='lat' dir='ltr'><strong>torpor,</strong></span> 
     </span>
    </p>
   </div>
   <div class='ocr_carea' id='block_1_6' title="bbox 0 0 1352 5288">
    <p class='ocr_par' dir='ltr' id='par_1_15' title="bbox 0 0 1352 5288">
     <span class='ocr_line' id='line_1_37' title="bbox 0 0 1352 5288; baseline 0 0"><span class='ocrx_word' id='word_1_232' title='bbox 0 0 1352 5288; x_wconf 95' lang='lat' dir='ltr'><strong> </strong></span> 
     </span>
    </p>
   </div>
  </div>
 </body>
</html>
