2890 5002
644 361 758 424 HBER
778 365 799 424 i.

226 511 395 580 Occultum
410 511 545 596 inspires
558 514 671 597 ignem,
685 512 838 599 fallasque
853 503 983 582 verieno.

271 619 364 682 Paret
379 620 477 681 Amor
492 613 585 680 dictis
599 637 680 681 carae
695 621 872 704 genetricis,
887 633 917 684 et
932 620 999 686 alas

225 719 333 800 Exuit,
347 734 379 784 et
392 739 499 805 gressu
514 718 652 804 gaudeus
666 720 781 786 incedit
795 720 864 786 liili.
1197 731 1261 790 690

229 826 271 892 At
286 825 394 888 Venus
408 823 543 888 Ascanio
556 822 713 908 placidam
727 845 784 909 per
798 826 937 890 membra
950 827 1083 912 quietem

229 926 358 1012 Irrigat;
381 939 411 989 et
425 925 522 990 fotum
535 927 653 1012 gremio
667 926 728 992 dea
742 927 861 992 tollitin
876 927 957 994 altos

227 1028 333 1092 Idaliae
349 1027 444 1108 lucos,
458 1029 512 1093 ubi
525 1028 626 1094 mollis
641 1049 804 1094 amaracus
818 1030 904 1096 ilium

229 1129 373 1194 Florstrus
386 1145 417 1194 et
431 1128 515 1194 dulei
528 1129 690 1216 adspirans
704 1117 919 1217 cpmplectitur
932 1134 1054 1198 umbri,
1111 1145 1114 1152 ’

226 1231 361 1316 Jamque
375 1232 451 1310 ibat,
465 1231 548 1296 dicto
562 1253 686 1316 parens,
700 1245 731 1296 et
745 1231 828 1298 dona
843 1233 968 1318 Cupido
1197 1239 1257 1297 695

228 1331 330 1419 Regia
343 1334 489 1419 portabat
503 1334 620 1420 Tyriis,
630 1332 711 1399 duce
726 1334 813 1398 iaetus
827 1333 961 1400 Achate.

227 1437 328 1518 Quum
345 1438 437 1516 venit,
451 1437 557 1501 aulaeis
568 1439 634 1522 jam
649 1457 683 1502 se
697 1438 804 1523 regina
818 1438 961 1522 superbis

225 1538 330 1602 Aurei
344 1540 517 1623 composuit
531 1537 659 1623 spondi,
673 1537 870 1624 mediamque
884 1539 1009 1604 locavit.

267 1641 339 1704 Jam
354 1653 445 1725 pater
460 1639 575 1706 Encas
590 1656 621 1708 et
628 1643 698 1728 jam
714 1643 853 1727 Trojana
864 1643 1010 1728 juventus

222 1740 431 1822 Conveniunt,
445 1755 603 1827 stratoque
617 1763 711 1828 super
724 1742 928 1808 discumbitur
942 1756 1036 1808 ostro.
1195 1751 1256 1808 700

222 1843 310 1910 Dant
323 1845 431 1910 iamuii
445 1845 587 1910 manibus
602 1846 758 1932 lymphas,
772 1847 983 1932 Cereremque
998 1849 1140 1916 canistris

223 1945 414 2032 Expediuot,
428 1948 583 2032 tonsoque
597 1949 700 2014 terunt
713 1950 860 2016 montotto
874 1949 966 2015 vittis.

223 2051 455 2135 Qrinquaginta
469 2051 549 2114 intus
562 2050 695 2132 famule,
710 2053 822 2137 quibus
835 2053 944 2120 ordine
958 2054 1049 2142 longo

223 2151 310 2217 Cura
324 2173 438 2237 penum
452 2165 580 2232 struere,
594 2166 625 2217 et
639 2153 770 2220 flammis
784 2155 910 2222 adolere
927 2157 1070 2224 Penates.

217 2254 354 2321 Centum
367 2255 447 2334 alim,
462 2255 650 2339 totidemque
665 2277 757 2342 pares
772 2272 863 2322 aetate
878 2260 1016 2339 minaci,
1189 2265 1250 2321 705

220 2355 285 2438 Qu
299 2355 430 2441 dapibus
444 2375 565 2420 metuas
579 2369 708 2420 onerent
722 2371 754 2420 et
766 2357 880 2442 poeula
895 2372 1021 2442 ponant.

219 2455 293 2524 Nec
308 2481 367 2522 non
381 2473 412 2522 et
424 2458 517 2542 Tyrii
530 2479 588 2542 per
603 2457 708 2522 limina
720 2457 795 2525 laste
808 2461 986 2543 trequentes

219 2559 418 2638 Convenere,
431 2561 505 2624 toris
514 2560 593 2644 jussi
606 2559 803 2628 discumbere
818 2561 919 2645 pictis·

218 2663 375 2728 Mirantur
388 2660 471 2726 dona
486 2659 611 2740 AEneae3
634 2661 782 2728 mirantur
797 2647 906 2741 liiium,

203 2752 466 2851 wugmntesque
480 2763 532 2829 dei
546 2763 656 2842 vultus,
671 2763 878 2849 simulataque
891 2763 1002 2843 verba,
1045 2779 1061 2807 ⁰
1190 2769 1249 2826 710

216 2867 413 2952 Padumque,
424 2881 455 2932 et
469 2866 585 2953 pictum
598 2887 711 2932 croceo
726 2865 866 2933 velamen
880 2865 1043 2958 acantho-‚5

217 2968 382 3054 rrectpoe
395 2969 510 3048 infelix,
524 2970 604 3054 pesti
618 2967 731 3036 devota
745 2969 864 3049 futurae,

217 3069 350 3156 Expleri
364 3085 496 3137 mentem
510 3072 625 3156 nequit
639 3068 987 3156 ardescitquertuendo„

218 3173 402 3253 Phrenissa3
423 3187 454 3238 et
467 3193 565 3259 puero
577 3175 695 3259 pariter
708 3171 858 3258 donisque
873 3185 1024 3238 movetur.

214 3277 286 3355 nte,
298 3277 353 3340 ubi
365 3275 531 3361 complexu
546 3273 654 3340 Enete
669 3274 813 3359 colloque
826 3273 983 3359 pependit,
1183 3277 1243 3338 trs

216 3378 261 3444 Et
276 3401 419 3465 magnum
433 3379 502 3446 falsi
516 3379 655 3463 implevit
668 3379 814 3464 genitoris
828 3383 976 3457 amorem,

214 3479 372 3566 Reginam
385 3482 470 3566 peric
495 3480 576 3546 Hoc
589 3479 696 3558 mutis,
711 3477 778 3544 hac
793 3490 919 3564 merore
934 3489 1006 3557 toto,

213 3581 340 3662 Haeret,
354 3595 385 3646 et
399 3581 552 3648 interdum
565 3583 682 3669 gremio
695 3582 789 3661 fovet,
803 3579 899 3644 inscia
913 3579 998 3644 Dido

212 3683 334 3748 rosida
348 3697 481 3768 quantus
494 3685 613 3748 miseras
628 3679 715 3748 deus.
738 3685 781 3747 At
794 3702 910 3746 memor
924 3680 976 3746 iiie

209 3785 328 3850 Matris
342 3785 493 3850 Acidaliae
503 3785 651 3871 partiatim
666 3783 791 3850 abolere
807 3782 975 3869 Sychaeum
1181 3790 1241 3848 ⁷20

208 3887 336 3972 Incipiq
350 3901 381 3951 et
395 3888 466 3953 vivo
480 3901 578 3954 tentat
591 3901 778 3974 prevertere
792 3905 898 3950 amore

187 3989 287 4056 rJam
301 3989 688 4078 pridemresideeonimos
700 3989 892 4074 desuetaque
905 3985 1017 4056 corda..
