2756 5010
180 479 237 542 tot
405 473 411 484 “
622 472 812 542 AENEIDOS

222 634 389 702 Concidit:
411 645 444 700 ut
458 632 616 721 quendam
629 653 711 698 cava
725 629 942 712 concidiueut
956 629 1169 717 Erymantho,

222 742 286 805 Aut
301 739 357 804 ida
372 743 405 804 in
417 738 541 825 magud,
555 736 718 802 radicibus
733 749 822 802 erute
835 737 938 822 pinus.
949 730 1000 796 ‘l‘

223 845 423 929 Consurgrmt
436 840 545 906 studiis
559 841 677 906 Teucri
691 851 723 904 et
736 839 903 904 Trinacria
917 839 1038 926 pubesz
1205 845 1268 903 4⁵⁰

224 946 252 1010 lt
266 945 385 1010 clamor
400 943 501 1024 coelo,
522 942 703 1030 ptimueqne
717 942 855 1008 accurrit
869 945 1009 1023 Acestes,

225 1047 469 1134 AEquevumque
484 1047 525 1112 ab
540 1045 636 1110 humo
650 1046 801 1110 miserans
815 1044 928 1110 attollit
946 1046 1090 1110 amicum.

222 1153 275 1231 At,
290 1173 350 1216 non
366 1150 506 1216 tardatus
520 1171 597 1215 essu
611 1169 712 1236 neque
726 1152 863 1229 territus,
878 1148 972 1214 heros

174 1258 176 1285 ¹
224 1254 338 1320 Aerior
351 1253 393 1319 ad
407 1273 544 1341 pugnam
558 1251 650 1332 redit,
666 1273 706 1316 ac
719 1255 784 1318 sim
800 1254 930 1316 suscitat
941 1252 1007 1331 ira3

223 1357 307 1422 Tum
320 1357 423 1443 pudor
436 1355 575 1422 incendit
589 1358 682 1436 vires,
696 1368 727 1419 et
741 1350 1000 1420 conscievirtus:
1205 1363 1272 1419 455

225 1461 480 1548 Precipitemque
494 1459 604 1526 Daren
619 1458 733 1524 ardens
749 1460 812 1546 egit
825 1479 950 1544 equore
966 1469 1039 1537 toto,

222 1563 254 1630 N
256 1585 315 1629 unc
330 1562 443 1628 dextri
457 1562 649 1650 ingeminans
665 1561 753 1641 ictus,
768 1583 849 1626 nunc
863 1560 918 1626 ille
932 1559 1067 1626 sinistri.

223 1665 293 1732 Nec
308 1687 405 1746 mora,
419 1687 478 1731 nec
494 1667 639 1751 requiesz
663 1667 756 1751 quam
770 1663 867 1730 multi
881 1664 1032 1752 grandine
1044 1665 1145 1732 nimbi

225 1769 423 1835 Culminibus
436 1770 600 1855 crepitant,
614 1772 660 1833 sie
675 1768 780 1834 densis
795 1768 908 1832 ictibus
924 1768 1016 1832 heroa

224 1873 349 1939 Creber
362 1873 495 1958 utrique
510 1894 604 1938 manu
618 1871 721 1958 pulset
735 1885 904 1957 versatque
912 1871 1050 1974 Dareta.
1205 1877 1276 1936 460

223 1976 306 2040 'lum
320 1988 411 2062 pater
425 1973 540 2039 AEneas
554 1972 729 2060 procedere
745 1971 865 2061 longiis
880 1977 944 2037 ires

224 2081 266 2146 Et
281 2083 392 2145 saevire
407 2080 518 2146 animis
534 2079 692 2144 Entellum
707 2078 791 2144 haud
806 2099 915 2166 passus
930 2057 1071 2144 a'cerbis:

226 2181 289 2247 Sed
304 2182 395 2248 finem
410 2185 557 2268 imposuit
571 2201 690 2268 pugne,
705 2182 883 2268 fessumque
898 2181 1021 2248 Dareta

226 2285 359 2372 Eripuit,
374 2285 512 2350 mulcens
526 2281 637 2364 dietis3
658 2303 698 2349 ec
713 2282 788 2349 talia
803 2286 902 2350 sanir:

225 2389 357 2455 lnielixl
379 2411 449 2476 qum
464 2401 550 2453 tanta
565 2391 702 2454 animum
716 2387 872 2453 dementia
886 2391 990 2475 cepit!
1014 2425 1022 2450 2
1207 2397 1275 2455 465

226 2493 299 2559 Non
314 2494 397 2558 vires
412 2491 502 2573 alies,
514 2513 730 2578 conversaque
744 2493 881 2572 numina,
895 2496 1011 2558 sentiet

228 2595 318 2662 Cede
333 2595 406 2662 dee.
449 2595 613 2682 Dixitque,
627 2607 659 2660 et
672 2593 787 2680 proelia
800 2615 880 2659 voce
893 2593 1028 2660 diremit.

228 2702 286 2765 Ast
300 2699 388 2764 illum
403 2697 457 2764 fidi
471 2698 620 2784 equales,
630 2719 732 2784 genus
745 2695 1033 2784 mgra'trahentem,

229 2805 473 2889 iactantemque
488 2801 620 2888 utruque
635 2814 740 2886 caput,
754 2821 957 2887 crassumque
974 2821 1120 2866 emerem

230 2907 296 2972 Ore
312 2909 498 2996 ejectantem
513 2910 689 2990 mixtosque
703 2906 899 2992 insanguine
913 2905 1032 2986 dentes,
1206 2915 1277 2974 470

229 3008 358 3074 Ducunt
373 3007 415 3072 ad
431 3029 543 3072 naves:
565 3007 751 3095 galeamque
766 3029 944 3095 ensemque,
957 3010 1070 3090 receti,

230 3112 420 3195 Accipiunt3
441 3107 579 3195 palmam
594 3109 717 3182 Entello
732 3121 917 3196 taurumque
931 3110 1119 3197 relinquunt.

232 3211 300 3278 Hic
314 3215 425 3291 victor,
439 3233 589 3298 superans
603 3213 723 3292 animis,
735 3225 889 3300 tauroque
903 3214 1073 3300 superbus:

174 3314 178 3323 '
233 3315 317 3382 Nate
331 3314 402 3396 deti,
416 3335 535 3400 vosque
551 3315 629 3396 haec,
643 3319 754 3402 inquit,
768 3321 957 3404 cognoscite,
971 3317 1098 3397 Teucri,

233 3417 276 3486 Et
289 3418 365 3486 mihi
379 3440 449 3505 quae
463 3420 577 3486 suerint
586 3420 1028 3510 juvenaliincorporevires,
1209 3434 1278 3492 ⁴75

233 3523 277 3588 Et
290 3523 352 3609 qus
366 3526 498 3590 servetis
511 3537 691 3590 revocatum
706 3545 726 3590 a
739 3537 839 3590 morte
853 3525 985 3590 Dareta.

234 3623 336 3705 Dixit,
350 3639 381 3690 et
396 3624 521 3692 adversi
535 3639 645 3692 contm
660 3627 742 3692 stetit
756 3647 814 3691 era
825 3628 962 3713 juvenci,

233 3727 297 3812 Qui
311 3728 426 3794 donum
441 3728 588 3796 adstabat
600 3751 732 3818 pugme3
753 3729 910 3816 dmosque
928 3731 1057 3798 reducti

236 3832 383 3908 Libravit
397 3831 510 3898 dextri
524 3831 631 3898 media
645 3837 726 3898 inter
740 3855 859 3900 cornua
873 3848 988 3900 caestus

234 3933 372 4015 Arduus,
386 3933 577 4020 effractoque
593 3935 678 4001 illisit
692 3939 725 4000 in
739 3955 812 4002 ossa
824 3937 971 4002 cerebro.
1212 3949 1284 4009 480

236 4041 401 4120 Sternitur,
414 4039 629 4124 exanimisque
643 4051 779 4104 tremens
792 4039 971 4124 procumbit
978 4039 1070 4106 ltumi
1085 4041 1156 4107 bos.

237 4141 293 4208 llle
307 4163 401 4228 super
413 4141 493 4208 tales
507 4139 636 4208 effundit
649 4153 777 4228 pectere
790 4161 901 4210 voces:
