2756 5010
585 441 701 506 unes
720 443 756 504 V.
1146 447 1206 504 206

160 599 259 666 Hanc
273 598 341 679 tibi,
355 597 460 685 Eryx,
473 595 636 666 meliorem
651 601 787 666 enimam
801 619 861 686 pro
875 611 975 666 morte
988 597 1118 666 Daretis

159 701 332 768 Persolvo:
356 700 410 766 hic
425 705 529 768 victor
542 713 655 768 cestus
669 715 831 788 artemque
845 697 1024 794 repono.*†¹
1133 725 1138 734 ·

206 805 357 870 Protenus
372 803 488 872 Musas
502 805 600 872 seheri
614 819 739 874 certare
752 807 892 894 sagitth'
1139 815 1202 873 485

162 909 275 974 Invitat
290 912 345 996 qui
359 908 440 974 iortd
455 909 572 990 relint3
595 923 626 974 et
639 915 771 996 premia
785 912 889 997 ponit:

163 1014 350 1100 Ingentique
362 1033 457 1078 manu
470 1012 586 1080 malum
601 1013 643 1080 de
657 1035 740 1080 nave
755 1015 873 1080 Seresti

158 1113 280 1202 Erigit3
302 1127 335 1179 et
348 1113 509 1182 volucrem
523 1117 656 1202 trajecto
670 1120 703 1182 in
717 1117 791 1184 sune
806 1117 993 1198 columbam,

159 1219 234 1301 Qud
248 1218 378 1284 tendant
392 1219 519 1298 serrum,
532 1219 615 1284 malo
629 1219 790 1306 suspendit
805 1222 847 1286 ab
862 1220 938 1286 alto.

159 1319 351 1388 convenere
365 1324 437 1403 riri,
451 1321 669 1408 dejectamque
683 1344 769 1388 terea
782 1337 900 1390 sortem

161 1425 297 1510 Accepit
310 1423 402 1510 galea
411 1442 431 1488 ε·
443 1439 476 1490 et
488 1425 608 1512 primus
621 1424 762 1492 clamore
776 1425 916 1492 seeundo

160 1526 354 1614 Hyrtacidae
369 1540 442 1592 ante
455 1547 567 1594 omnes
581 1529 648 1594 exit
663 1526 750 1594 loeus
765 1529 1017 1615 Hippocoontisr

160 1631 264 1714 Quem
278 1629 373 1698 modo
386 1629 491 1696 navah
507 1632 692 1698 Mnestheus
702 1633 877 1698 certamine
891 1634 993 1699 victor

161 1733 383 1819 Consequitur,
397 1733 493 1800 viridi
505 1734 690 1804 Mnestheus
704 1738 845 1802 evinctus
859 1734 954 1802 olivh.

158 1835 289 1900 Tertius
304 1835 470 1922 Eurytion,
485 1849 564 1917 tuus,
577 1860 600 1902 o
611 1835 795 1917 clarissime,
809 1836 918 1918 buter,

90 1931 95 1940 ’
160 1939 318 2019 Pandare,
327 1941 386 2024 qui
400 1939 569 2025 quondam,
578 1937 1017 2034 juouseonfuoderenoedus,

160 2042 197 2107 ln
212 2041 333 2108 medios
348 2040 444 2108 telum
459 2044 575 2108 torsisti
590 2045 709 2131 primus
722 2041 874 2108 Achiuos.

158 2147 330 2213 Extremus
343 2141 497 2232 galetque
511 2146 576 2212 irrui
589 2147 731 2212 subsedit
744 2150 893 2229 Acestes3

160 2253 264 2316 ursus
278 2264 310 2315 et
324 2250 391 2335 ipse
407 2271 500 2314 manu
510 2251 661 2336 juvenum
675 2264 797 2316 tentare
812 2251 965 2318 laborem·
978 2258 1003 2316 >a

157 2355 244 2420 Turn
258 2353 373 2419 validis
387 2353 486 2419 flexos
500 2357 666 2420 incurrant
680 2355 801 2422 viribus
816 2375 910 2420 arcus

159 2457 224 2523 Pro
238 2479 273 2522 se
289 2460 423 2544 quisque
438 2457 508 2536 riri,
522 2471 555 2522 et
569 2453 756 2542 depromunt
770 2457 834 2524 tela
848 2457 1026 2543 pharetris:

158 2561 329 2646 Primaque
342 2579 401 2646 per
415 2557 529 2624 coelum
543 2579 643 2624 neruo
655 2556 809 2626 stridente
822 2561 938 2645 sagitta

159 2662 351 2752 Hyrtacidae
363 2663 487 2751 juvenis
501 2661 646 2728 volucres
660 2661 844 2730 diverberet
859 2683 963 2744 aures,

159 2767 203 2833 Et
216 2768 310 2850 venit,
325 2767 513 2853 adversique
527 2767 664 2854 infigitur
678 2765 793 2834 arbore
808 2765 895 2835 mali.

158 2871 323 2936 Intremuit
336 2871 447 2951 malus,
460 2871 622 2956 timrritque
637 2871 787 2936 exterrito
801 2875 913 2958 pennis

158 2973 249 3056 Ales,
263 2989 294 3039 et
307 2975 425 3062 ingenti
439 2987 609 3042 sonuerunt
622 2974 726 3042 omnia
740 2975 862 3061 plausu.

161 3075 238 3142 Pdst
252 3099 328 3144 acer
342 3077 524 3144 Mnestheus
538 3077 677 3144 adduuo
691 3080 826 3146 constitit
840 3101 926 3162 arcu,

159 3179 236 3247 Alta
250 3196 381 3269 petene3
401 3182 583 3268 pariterque
597 3180 704 3246 oculos
719 3179 876 3267 telumque
890 3183 1036 3251 tetendit:

157 3288 221 3351 Ast
234 3285 335 3372 ipsam
350 3283 546 3350 miserandus
560 3305 652 3348 arem
666 3285 845 3370 contingere
860 3285 946 3350 ferro

157 3389 235 3456 Mon
248 3389 368 3470 valuit3
388 3387 489 3456 nodos
503 3401 534 3453 et
548 3386 674 3454 vincula
688 3387 772 3454 linea
785 3389 878 3473 rupit,

158 3491 261 3574 Quris
275 3491 391 3556 innexa
404 3489 519 3576 pedem
533 3488 617 3556 melo
630 3489 789 3576 pendebat
804 3490 847 3554 ab
861 3489 935 3556 alto.

159 3593 336 3659 martores
350 3606 445 3680 etque
459 3607 531 3660 atra
543 3592 653 3660 voleus
667 3596 700 3658 in
714 3591 823 3658 nubila
836 3594 924 3680 fugit.

157 3697 245 3762 Tum
258 3695 400 3782 rapidus,
408 3693 596 3783 jamdudum
610 3715 688 3760 srcu
700 3708 847 3762 contenta
861 3709 974 3781 parato

157 3797 244 3864 Tela
258 3811 379 3878 tenens,
392 3799 521 3864 hahent
535 3797 691 3884 Eurytion
703 3799 737 3864 in
751 3811 826 3864 vota
839 3803 974 3880 vocavit,

152 3903 235 3968 Jam
248 3921 352 3966 vacuo
367 3899 470 3968 laetern
484 3900 567 3968 ereio
580 3900 777 3988 speculatus3
798 3913 832 3966 et
844 3899 902 3968 alis

154 4003 371 4072 Plaudentem
383 4001 473 4092 nigre
486 4005 551 4091 figit
564 4005 624 4070 sub
636 4004 722 4070 nube
735 4002 968 4085 columbam-,t

151 4106 468 4188 Desiderandus,
482 4110 641 4192 vitamque
655 4105 784 4194 reliquit
796 4109 830 4172 in
843 4105 935 4174 astris
