2772 4998
539 401 655 464 uruca
673 403 723 464 lx.

134 557 265 625 Intendit
279 557 384 638 telum,
398 556 588 645 divamque
601 561 734 628 brachia
747 560 867 628 dacem
954 549 957 556 ¹

130 661 283 744 constitu
296 662 369 728 antei
383 663 497 730 Jovem
511 665 644 751 supplex
657 687 715 752 per
727 678 802 732 vota
816 675 981 752 precatus:

131 763 248 851 Jupiter
261 765 465 850 omnipotens,
480 751 593 832 audaci
598 768 655 834 bus
668 791 769 834 annue
780 772 914 854 caeptis:

132 867 196 955 lpse
211 869 272 934 tibi
288 867 329 934 ad
343 882 396 934 tua
410 869 527 956 templa
541 870 641 934 ieram
656 870 807 936 solemnia
820 869 925 950 dona3

132 969 169 1034 Et
180 983 316 1036 statuam
329 983 401 1038 ante
416 993 488 1038 eras
503 973 613 1038 aurata
628 975 729 1038 ironte
738 975 910 1060 juvencum

130 1072 333 1155 candentem,
346 1077 527 1162 pariterque
541 1088 635 1161 caput
649 1095 721 1140 cum
735 1089 834 1140 matre
849 1077 1009 1154 serentem,

131 1171 216 1258 [Jam
231 1197 331 1240 cornu
344 1187 431 1262 petat
444 1189 476 1242 et
490 1175 625 1262 pedibus
640 1177 693 1262 qui
708 1190 835 1263 spargat
850 1175 1012 1262 arenam]

129 1277 235 1344 Audiit
250 1291 281 1345 et
295 1277 368 1342 coeli
382 1282 504 1364 genitor
517 1278 558 1342 de
572 1291 662 1364 parte
677 1277 788 1344 serenti

131 1378 261 1446 intonuit
276 1379 408 1446 moun:
430 1393 520 1446 sonat
535 1381 596 1446 und
611 1382 716 1446 fatifer
732 1401 835 1446 arcus.

130 1481 241 1570 Effugit
257 1482 447 1548 horrenditm
461 1483 596 1552 stridens
611 1483 887 1570 adductasagitta,
945 1519 949 1530 ·

131 1583 250 1672 Perque
264 1599 360 1672 caput
374 1583 500 1650 Remuli
513 1587 606 1668 veuit,
620 1601 652 1650 et
664 1607 745 1652 cava
759 1598 900 1672 tempora
913 1588 999 1652 ferro

129 1687 270 1777 Trajicit.
315 1690 339 1769 l,
354 1689 619 1756 verbis'virtutem
634 1690 730 1756 illude
745 1691 900 1778 superbis.

129 1789 181 1855 llis
193 1792 282 1878 eapti
297 1791 441 1878 Phryges
456 1793 526 1858 haec
541 1793 664 1858 Rutulis
678 1815 828 1882 response
842 1798 1011 1860 remittunt.

129 1891 196 1957 Hoc
211 1890 334 1960 tautdm
348 1895 513 1960 Ascanius.
555 1895 672 1960 Teucri
685 1897 825 1962 clamore
837 1907 1018 1982 sequnntur,

130 1991 315 2081 Letitidque
330 1996 473 2076 fremunt,
487 1996 668 2082 animosque
682 1999 724 2065 ad
738 1998 846 2066 sidera
859 1997 979 2066 tollmnt.

168 2097 311 2164 AEtherit
323 2111 387 2163 tum
402 2099 483 2163 forte
495 2099 589 2187 plagii
603 2102 731 2178 crinitus
745 2101 859 2188 Apollo

128 2197 271 2290 Desuper
285 2205 441 2268 Ausonias
455 2206 541 2268 acies
554 2204 728 2289 urbemque
742 2202 881 2282 videbat,

127 2301 215 2371 llube
230 2305 347 2372 sedens
358 2331 374 2385 3*
388 2317 483 2390 atque
498 2305 548 2372 his
561 2308 715 2374 victorem
727 2305 839 2372 affatur
854 2305 971 2374 liilum:

129 2405 228 2474 llacte
244 2407 329 2476 novi
342 2411 466 2489 virtute,
480 2429 580 2496 puer;
600 2409 647 2474 sic
661 2413 724 2476 itur
737 2407 779 2473 ad
794 2421 889 2488 mtto,

129 2507 186 2574 Dis
198 2513 317 2598 genite,
331 2523 363 2574 et
375 2510 516 2595 geniture
530 2509 627 2575 deos:
646 2511 718 2598 jure
732 2513 837 2574 omnia
850 2508 936 2577 bella

124 2613 222 2679 Gente
237 2612 300 2678 sub
314 2614 463 2680 Assaraci
477 2616 542 2680 lato
556 2627 689 2680 ventura
703 2612 865 2680 resident:

127 2713 190 2780 Nec
203 2731 234 2782 te
250 2715 351 2803 Troja
365 2721 461 2802 capit.
506 2715 602 2788 Simul
617 2716 686 2781 hanc
701 2715 821 2797 effatus,
835 2717 878 2782 ab
893 2714 957 2784 alto

126 2813 253 2884 Althere
269 2840 305 2883 se
319 2819 418 2900 mitat,
433 2819 586 2903 spirantes
600 2817 739 2885 dimovet
753 2837 856 2900 auras,

128 2921 356 3006 Ascaniumque
371 2921 468 3006 petit:
490 2923 623 2986 formam
637 2934 701 2990 tum
716 2925 847 2990 vertitur
860 2926 926 2986 oris

126 3025 295 3110 Antiquam
309 3027 342 3087 in
357 3024 470 3090 Buten.
515 3023 581 3088 Hic
594 3023 760 3090 Dardanio
773 3025 922 3092 Anchisae

125 3127 269 3215 Armiger
284 3125 594 3212 aristotelicaeque
609 3125 651 3194 ad
666 3125 777 3196 limine
788 3142 910 3208 eustos3

125 3225 203 3294 lum
216 3232 368 3296 comitem
382 3233 520 3296 Ascanio
534 3241 626 3316 puter
639 3229 773 3300 addidit.
815 3232 887 3298 lbet
900 3229 1014 3318 Apollo

123 3327 235 3398 Omnia
250 3333 395 3420 longaevo
409 3331 529 3414 similis,
542 3353 724 3418 vocemque,
738 3332 949 3420 coloremque,

124 3433 162 3500 Et
175 3437 282 3502 crines
296 3436 397 3517 albos,
412 3449 443 3504 et
457 3457 543 3502 sarva
557 3438 720 3502 sonoribus
734 3457 844 3518 erma3

122 3541 223 3628 Atque
239 3541 290 3606 his
305 3539 469 3606 ardentem
483 3540 575 3606 dictis
589 3539 703 3611 affatur
717 3541 835 3608 liilumt

123 3643 168 3708 Sit
180 3647 268 3727 satis,
281 3643 439 3727 Edenda,
453 3643 524 3712 telis
538 3645 663 3732 imptmd
679 3645 856 3712 Numanum

121 3749 301 3839 oppetiisse
316 3755 399 3816 tuis:
420 3753 556 3838 primam
571 3751 654 3816 tanc
667 3751 727 3816 tibi
740 3771 870 3838 magnus
883 3749 1000 3836 Apollo

122 3851 281 3922 Concedit
294 3854 431 3935 laudem,
445 3867 477 3920 et
490 3855 622 3941 paribus
636 3875 699 3920 non
712 3853 833 3920 invidet
847 3857 955 3920 armis.

122 3956 249 4024 Cretera
264 3979 374 4045 parce,
387 3979 477 4045 puer,
491 3957 588 4023 bello.
633 3959 685 4022 Sin
699 3977 789 4022 orsus
802 3955 918 4043 Apollo

122 4057 276 4130 manes
289 4061 393 4130 medio
409 4061 579 4149 adspectus
591 4079 734 4132 sermone
747 4057 886 4154 reliquit,
