2890 5002
555 431 670 494 LIBER
688 435 711 492 l.
1118 442 1168 496 121

145 589 233 657 nima
247 587 360 654 venus
376 583 509 673 Phrygii
524 590 629 672 genua
644 588 810 652 Simoentis
826 585 866 652 ad
881 585 1018 652 naama
1037 559 1042 568 ’

145 695 244 776 Atque
260 686 408 774 equidem
423 687 581 753 Teucrum
594 692 721 754 memini
737 689 854 754 Sidona
868 693 988 769 venire,

144 791 272 858 Finibus
286 789 452 876 expulsum
467 793 586 875 patriis
600 811 681 856 nova
695 812 793 877 regna
807 805 962 877 petentem
1107 798 1169 855 620

145 893 270 958 Auxilio
287 891 368 956 Beli.
390 889 522 956 Genitor
537 903 601 956 tum
616 891 711 956 Belus
726 895 861 978 opimam

147 995 300 1063 Vastahat
315 994 468 1081 Cyprum,
483 1007 514 1058 et
528 997 630 1058 victor
644 994 762 1059 ditione
777 995 913 1060 tenebat.

147 1097 302 1184 Tempore
313 1100 380 1184 jam
395 1119 435 1160 ex
449 1095 504 1160 illo
517 1117 609 1160 casus
625 1096 702 1161 mihi
717 1101 858 1184 cognitus
873 1099 960 1162 urhis

148 1200 300 1288 Trojano,
313 1221 486 1284 nomenque
500 1213 594 1279 tuum,
608 1221 761 1286 regesque
778 1199 913 1285 Pelasgi.

149 1303 218 1388 lpse
233 1303 328 1368 hostis
342 1303 483 1367 Teucros
497 1306 610 1388 insigni
625 1302 717 1368 laude
732 1305 865 1383 serebat,
1111 1309 1172 1366 625
1192 1313 1201 1332 ·

151 1405 251 1490 Seque
264 1419 363 1470 ortum
378 1406 505 1490 antiqui
519 1405 719 1491 Teucrorum¹
728 1406 770 1469 ab
784 1408 880 1491 stirpe
895 1404 1031 1469 volebat.

149 1506 252 1588 Quare
266 1511 357 1592 agite,
372 1529 401 1586 o,
415 1511 515 1585 tectis,
525 1509 668 1593 juvenes,
682 1495 842 1571 succedite
857 1510 980 1571 nostris.

152 1607 202 1672 hie
215 1631 339 1695 quoque
353 1631 411 1695 per
425 1609 536 1674 multos
551 1609 659 1674 similis
674 1611 797 1675 fortuna
812 1610 937 1674 labores

151 1711 299 1776 lactatam
315 1713 374 1776 hac
389 1712 514 1776 demum
529 1712 626 1776 voluit
640 1715 809 1776 consistere
824 1712 919 1776 terri.

150 1811 215 1878 Non
230 1805 339 1900 ignara
354 1813 438 1893 mali,
453 1817 575 1878 miseris
589 1834 773 1877 succurrere
787 1812 901 1898 discqq
1113 1819 1175 1876 660
1192 1849 1195 1856 1

191 1915 241 1980 Sic
256 1927 424 1994 memorat3
446 1913 536 1978 simul
552 1913 670 1979 AEnean
685 1919 717 1978 in
732 1919 819 2001 regia
834 1914 921 1979 ducit

150 2015 255 2097 Tecta,
268 2017 359 2082 simul
374 2017 481 2081 divtim
496 2016 619 2102 templis
634 2017 744 2080 indicit
758 2017 919 2088 honorem.

152 2117 214 2183 Nec
229 2117 329 2183 mimis
343 2123 464 2182 interea
478 2121 571 2182 sociis
587 2117 626 2181 ad
642 2118 746 2181 littora
761 2121 852 2182 mittit

152 2219 266 2306 Viginti
282 2235 397 2301 tauros,
411 2242 591 2307 magnorum
607 2221 765 2284 horrentia
780 2233 903 2285 centum

148 2320 251 2410 Terga
265 2345 362 2402 suum,
376 2327 506 2409 pingues
521 2335 645 2387 centum
658 2343 729 2387 cum
744 2324 894 2388 matribus
909 2343 1022 2408 agnos3
1109 2328 1171 2384 685
1224 2380 1226 2386 ,

152 2423 281 2490 Munera
294 2425 491 2511 letitiamque
505 2425 562 2490 dii.

191 2531 235 2592 At
249 2528 354 2593 domus
367 2533 497 2594 interior
511 2529 610 2616 regali
625 2529 791 2615 splendida
806 2530 880 2594 luxu

151 2629 321 2710 lustruitur,
335 2631 505 2717 mediisque
520 2647 631 2717 parant
646 2636 791 2697 convivia
806 2636 913 2697 tectis:

150 2736 226 2796 Arte
241 2733 387 2798 lahoratae
401 2747 513 2814 vestes,
527 2749 674 2820 ostroque
689 2736 844 2820 superh03

148 2833 258 2920 lugens
271 2849 432 2922 argentum
447 2840 579 2924 mensis„
586 2835 807 2930 caelataquepin
822 2856 900 2899 auro
1115 2839 1176 2895 640

149 2934 252 3000 Fortia
267 2939 353 3001 iacta
365 2952 497 3022 patrum,
511 2935 608 3002 series
624 2938 802 3024 longissima
816 2959 930 3017 rerum,

149 3037 209 3102 Per
224 3051 267 3102 tot
282 3037 376 3104 ducta
390 3044 476 3104 viros
491 3041 617 3125 antiqui
633 3040 674 3103 ab
688 3044 808 3126 origine
823 3043 934 3126 gentis.

188 3141 300 3207 Encas
314 3142 431 3227 (neque
446 3146 528 3207 enim
543 3145 661 3228 patrius
676 3147 846 3206 consistere
861 3154 996 3206 mentem
1041 3157 1044 3162 '

146 3243 258 3310 Passus
272 3247 374 3328 amor)
388 3244 533 3330 rapidum
548 3243 588 3308 ad
604 3266 699 3309 naves
713 3248 872 3331 praemittit
887 3244 1039 3322 Achaten,

144 3349 282 3411 Ascanio
296 3350 378 3412 ierat
392 3347 471 3427 haec,
486 3352 648 3433 ipsumque
663 3337 704 3410 ad
719 3350 834 3410 moenia
849 3344 954 3410 ducat.
1113 3349 1173 3406 646

142 3448 253 3513 Omnis
268 3452 300 3512 in
315 3453 453 3513 Ascanio
468 3452 535 3512 cari
550 3461 610 3512 stat
624 3469 701 3512 cura
714 3451 864 3534 parentis.

141 3550 279 3616 hirmera
291 3565 457 3638 praterea,
472 3551 577 3616 Iliacis
592 3563 701 3635 erepta
715 3552 823 3628 ruinis,
865 3635 867 3640 Ι

141 3653 241 3718 Ferre
251 3655 361 3742 jubet,
382 3651 499 3739 pallam
513 3656 609 3740 signis
625 3675 763 3738 auroque
778 3655 939 3737 rigentem,

138 3753 180 3818 Et
195 3759 439 3820 circumtextum
454 3775 568 3818 croceo
583 3755 726 3820 velamen
741 3751 885 3832 acantho,

136 3856 281 3921 Ornatus
295 3860 419 3944 Argiue
435 3856 578 3938 Helenae,
593 3879 669 3942 quos
684 3855 740 3920 illa
755 3856 912 3941 Mycenis,
979 3901 993 3932 ,
1113 3859 1175 3918 650

138 3957 298 4046 Pergama
312 3981 406 4044 quum
420 3971 542 4044 peteret
557 3962 816 4041 inconcessosque
833 3957 1036 4042 Hymenaeos,

136 4060 322 4140 Extnlerat,
336 4065 445 4126 matris
460 4060 555 4126 Lede
570 4058 716 4126 mirabile
731 4057 863 4123 donum:

451 4169 488 4224 16

621 4245 638 4284 ο
