2890 5002
226 368 582 663 Nm
595 429 712 490 mans
731 430 780 488 tv.

186 580 337 666 Namque
352 599 414 642 uno
596 581 673 646 tollit
687 582 729 646 de
743 583 861 668 cespite
877 583 994 664 sileam

184 686 315 749 Aureus
330 685 407 771 ipse,
423 685 479 748 sed
495 685 526 748 iu
542 684 631 763 feliis,
648 705 714 770 quse
728 687 859 770 plurima
873 689 990 756 nimiam

185 787 386 868 renuuntur,
400 789 487 854 siole
503 779 643 856 sublucet
657 809 791 876 purpura
805 795 908 878 nigre.
1160 785 1226 862 275

190 895 285 980 Saepe
302 895 395 960 dellm
410 897 501 962 naxia
515 903 629 964 orestas
643 900 802 983 torquibus
817 921 889 966 arte.

188 1001 296 1086 Asper
311 1002 408 1084 inere
424 1021 526 1086 sapor.
549 1003 663 1070 Tussis
679 1004 710 1067 in
725 1005 852 1070 vallibus
867 1005 952 1072 illum

188 1105 341 1172 Pastores
355 1122 387 1170 et
401 1127 495 1174 curra
509 1108 615 1193 legunt
630 1095 727 1194 paupe
742 1110 869 1177 flumine
884 1109 998 1178 Melle.

190 1211 297 1300 Hujus
312 1214 440 1280 odorato
455 1215 576 1280 sudines
591 1215 723 1300 lusuque
740 1214 882 1297 Busche,

189 1315 375 1404 Pabulaque
389 1317 550 1386 in'lnriltus
564 1320 662 1406 plenis
678 1341 799 1407 appone
816 1323 965 1388 naniatris.

240 1425 306 1490 Serl
317 1427 341 1490 sl
358 1445 450 1511 quem
465 1427 568 1512 proles
583 1425 684 1492 subisti
700 1427 852 1492 defecerit
865 1429 977 1506 omnis,

191 1529 266 1596 Nee
281 1553 377 1617 genus
393 1533 474 1596 unde
490 1522 690 1618 novemque
704 1547 868 1600 resecetur
882 1534 1018 1611 hebebit,

189 1641 335 1725 Tempus
350 1656 382 1706 et
395 1642 522 1708 Amadii
537 1643 740 1708 memorande
754 1645 877 1708 inventu
891 1643 1027 1728 magistri

190 1747 350 1824 Pandere,
367 1766 491 1840 quoque
504 1749 598 1840 modo
613 1749 700 1816 ees's
707 1749 773 1836 jam
788 1749 870 1834 sepe
881 1749 1024 1835 juvencis

189 1850 368 1920 lsrsincerus
382 1866 458 1940 apes
472 1855 575 1920 tulerit
589 1873 692 1918 eruor.
714 1855 954 1938 Aluisnmuem
1054 1925 1057 1941 ,
1123 1897 1126 1908 ·

192 1959 383 2046 Expediam,
399 1961 499 2048 prima
509 1975 655 2052 repetens
670 1943 718 2028 al*
719 1963 851 2046 urigine,
868 1961 993 2028 seruam.

190 2067 279 2132 Nem
295 2066 357 2151 qui
371 2065 476 2130 Pelet
492 2085 567 2151 geas
582 2066 734 2132 mnunata
749 2065 871 2154 Canopi

191 2171 316 2238 Aecnlit
331 2171 429 2236 effuso
444 2185 634 2256 stagnantem
649 2173 774 2238 llumiae
786 2172 904 2253 Nilum,

193 2277 238 2342 Et
252 2280 370 2344 eiacum
386 2279 475 2363 pietis
489 2279 609 2343 vellitur
618 2299 676 2344 sua
690 2299 762 2344 rura
776 2277 890 2358 seselis,

191 2381 330 2468 Quisque
345 2383 524 2470 pheneum
539 2385 650 2450 vieiuia
665 2384 803 2450 Persidis
818 2399 917 2470 urget,

193 2490 241 2556 Et
255 2491 381 2556 viridem
397 2491 567 2576 AEgyptum
582 2489 671 2576 nigri
685 2491 844 2555 seecundat
859 2490 963 2568 steni,

194 2593 242 2660 Et
258 2595 373 2660 diversa
388 2615 482 2660 ruens
495 2610 615 2681 septem
631 2596 774 2661 discutit
789 2597 818 2658 in
834 2615 889 2676 nrt

192 2698 305 2786 Usque
319 2702 461 2766 colorsu's
475 2703 572 2766 amuis
588 2701 728 2766 devexus
743 2701 782 2765 ab
798 2687 893 2777 ludis,

191 2805 305 2870 Omnia
320 2807 350 2868 in
366 2803 425 2869 hle
441 2817 557 2871 sertam
573 2807 659 2890 regio
669 2805 747 2891 jusit
762 2817 827 2869 arte
843 2805 985 2868 salutem.

190 2909 338 2994 Exiguus
353 2895 496 2996 primurn,
512 2927 602 2998 utque
619 2913 701 2997 ipsus
717 2924 892 2976 nnuuautus
908 2911 946 2974 ed
964 2929 1047 2989 usus,

192 3015 328 3101 Eligitur
342 3018 448 3082 loeus:
470 3019 553 3084 hene
568 3017 749 3101 angustique
766 3017 893 3082 imbrice
905 3016 978 3080 teeti

191 3119 429 3206 Parietibusque
445 3136 587 3207 premunt
602 3123 714 3201 amtis;
737 3136 773 3186 et·
783 3137 911 3205 quatuor
927 3121 1053 3197 addunt,

192 3225 338 3304 Quatuor
352 3250 372 3292 a
384 3229 481 3292 venus
494 3226 620 3313 obliqui
634 3229 703 3292 luee
720 3225 880 3292 fenestras.

189 3329 278 3396 Tum
293 3295 421 3412 vitulus,·
430 3333 514 3398 nint
529 3353 659 3398 cursans
670 3293 736 3418 ᾖ]
751 3349 867 3398 comus
882 3330 993 3411 fronte,

188 3437 371 3514 Quaeritur:
393 3442 466 3506 huie
481 3442 609 3526 gemine
624 3461 714 3506 nares
729 3436 897 3524 etspiritus
912 3439 973 3504 oris
1165 3442 1230 3502 800

188 3541 293 3611 Multa
307 3547 468 3612 relustanti
484 3548 631 3626 obsuitur,
647 3548 805 3633 plagisque
821 3561 982 3632 perempto

189 3647 302 3716 Timsa
317 3673 374 3736 per
388 3654 538 3736 integram
550 3653 705 3718 solvuntur
720 3653 838 3716 viscera
853 3651 978 3737 pellem.

190 3755 249 3818 Sic
264 3759 395 3840 positum
411 3757 442 3820 in
458 3759 565 3822 chuno
575 3759 735 3842 linquunt;
758 3772 790 3822 et
804 3777 909 3823 remea
923 3757 1018 3822 costis

191 3861 367 3948 Subjiciuut
381 3863 564 3949 fragments,
579 3865 731 3948 thymum,
746 3865 906 3946 casiasque
922 3873 1074 3928 recentes.
1177 3859 1190 3868 ’

188 3963 267 4030 Hoc
282 3969 408 4053 geriem
425 3971 569 4056 zephyris
583 3968 714 4055 primitur
730 3967 956 4054 impellentibus
971 3969 1079 4046 undas,
1166 3969 1229 4031 305

191 4072 276 4136 llute
293 4076 379 4139 novis
391 4075 519 4142 rultseut
533 4074 630 4160 quim
644 4087 731 4161 prete
746 4073 910 4151 coloribus,
927 4071 996 4138 ente

189 4179 327 4245 Garrule
342 4179 435 4268 quum
451 4181 542 4268 tignis
556 4183 664 4248 aitluur
679 4181 847 4268 suspendet
861 4179 1001 4248 hirundo.
