2756 5010
218 479 273 540 192
662 437 852 540 nueroos

250 631 359 699 Flecte
372 633 456 698 viam
469 629 559 697 velis.
604 631 653 696 An
668 636 708 696 sit
723 632 800 697 mibi
814 634 934 718 gratior
947 629 1021 713 ulla,

250 736 361 820 Qudve
376 739 474 823 magis
489 735 586 800 fessas
597 749 701 822 optem
716 737 880 801 demittere
895 757 1000 817 naves,

249 841 351 922 Qutim
366 863 435 927 quae
450 839 648 905 Dardanium
664 840 753 904 tellus
769 841 846 905 mibi
861 854 967 906 servat
980 842 1127 920 Acesten,
1235 843 1266 902 ³⁰

250 943 292 1008 Et
304 946 401 1030 patris
416 943 564 1008 Anchisae
579 947 699 1030 gremio
714 942 931 1030 complectitur
944 947 1037 1008 ossal

250 1048 333 1112 Haec
347 1050 402 1112 ubi
417 1048 511 1128 dicta,
526 1060 634 1134 petunt
648 1061 765 1134 portus,
781 1062 811 1112 et
826 1047 897 1111 vela
913 1045 1042 1111 secundi

249 1149 414 1215 lntendunt
429 1151 592 1237 Zephyri:
615 1151 713 1214 lentur
726 1153 790 1214 cita
804 1153 925 1236 gurgite
940 1149 1070 1230 classis;

250 1251 291 1318 Et
305 1254 429 1319 tandem
445 1254 507 1318 laeti
521 1266 601 1318 notae
617 1253 820 1318 advertuntur
835 1253 950 1318 arene.
967 1255 981 1334 l

253 1419 257 1424 .
291 1360 333 1422 At
347 1355 457 1444 procul
473 1356 599 1420 excelso
614 1359 743 1424 miratus
757 1359 877 1420 vertice
892 1359 1004 1420 montis
1059 1437 1061 1442 Ι

115 1462 119 1472 ’
214 1441 228 1457 ’
248 1461 425 1524 Adventum
441 1461 604 1542 sociasque
620 1471 713 1537 rates,
727 1461 864 1521 occurrit
879 1459 1019 1540 Acestes,

249 1561 409 1627 Horridus
424 1565 456 1626 in
466 1561 580 1648 jaculis
595 1573 626 1626 et
640 1560 723 1646 pelle
738 1557 916 1647 Libystidis
931 1581 1031 1639 ursae3

247 1663 345 1728 Troia
360 1665 495 1728 Crimiso
510 1677 694 1750 conceptum
709 1665 834 1728 flumine
848 1675 950 1728 mater

246 1766 347 1847 Quem
363 1769 479 1854 genuit.
523 1766 675 1831 Veterum
690 1787 752 1830 non
766 1768 929 1830 immemor
944 1762 998 1828 illc
1011 1765 1185 1850 paronttim,

246 1869 395 1932 Gratatur
409 1867 561 1948 reduces;
585 1881 615 1932 et
629 1869 708 1954 gaza
723 1868 811 1932 laetus
826 1861 942 1954 agresti
1077 1888 1081 1900 ·
1234 1873 1268 1930 40

243 1970 385 2057 Excipit,
400 1993 438 2035 ac
454 1973 551 2035 sessos
566 1972 678 2056 opibus
693 1970 810 2035 solatur
825 1973 947 2035 amicis.

290 2075 418 2138 Postera
433 2095 527 2158 quum
541 2077 642 2158 primo
657 2072 762 2136 stellas
776 2076 895 2138 oriente
910 2073 1033 2160 fugirat

245 2175 345 2241 Clara
359 2175 435 2256 dies,
450 2179 551 2258 socios
567 2180 598 2240 in
613 2188 727 2240 coetum
742 2173 846 2241 littore
861 2178 903 2242 ab
918 2181 1002 2242 omni

245 2277 390 2343 Advocat
404 2278 529 2357 AEneas,
544 2277 713 2362 tumulique
728 2300 769 2341 ex
784 2299 899 2366 aggere
913 2281 1012 2344 latur:

243 2380 439 2447 Dardanidae
455 2385 568 2468 magni,
582 2403 679 2468 genus
693 2381 756 2447 alto
772 2404 791 2448 a
805 2389 955 2471 sanguine
970 2385 1087 2466 divtirir,
1234 2392 1267 2450 45

245 2485 374 2550 Annuus
388 2488 510 2550 exactis
524 2485 697 2571 completur
710 2487 869 2552 mensibus
884 2487 981 2569 orbis,

245 2586 296 2651 Ex
311 2609 373 2673 quo
386 2588 534 2672 reliquias
549 2586 710 2673 divinique
725 2609 797 2664 ossa
810 2592 950 2674 parentis

245 2689 453 2755 Condidimus
469 2691 562 2770 terra,
572 2705 758 2778 moestasque
773 2696 966 2758 sacravimus
981 2715 1064 2761 aras.

196 2801 205 2822 ⁰
243 2791 378 2879 Jamque
393 2793 471 2874 dies,
486 2797 518 2857 ni
534 2793 635 2874 fallor,
651 2795 750 2875 adest,
765 2817 858 2881 quem
872 2819 997 2884 semper
1012 2801 1172 2883 acerbum,

242 2897 375 2981 Semper
389 2895 572 2960 honoratum
586 2897 646 2976 (sic
661 2897 697 2961 dl
711 2897 864 2983 voluistis)
883 2899 1021 2969 habebo.
1236 2913 1274 2972 50

243 2998 340 3062 Hunc
355 3019 412 3082 ego
427 2996 557 3060 Gaetulis
572 3017 697 3083 agerem
713 3003 739 3064 si
754 3004 894 3088 syrtibus
908 3005 1007 3087 exsul,

241 3097 430 3185 Argolicove
445 3101 525 3163 mari
539 3099 720 3185 deprensus,
735 3117 767 3168 et
781 3107 860 3171 urbe
875 3107 1041 3196 Mycenae3

241 3203 354 3266 Annua
369 3213 442 3266 vota
458 3213 560 3266 tamen
574 3203 790 3291 solemnesque
804 3207 915 3275 ordine
931 3233 1063 3298 pompas

240 3301 451 3388 Exsequerer‚
466 3317 678 3392 strueremque
693 3312 756 3374 suis
772 3310 885 3378 altaria
900 3313 1000 3380 donis.

239 3403 331 3470 Nunc
345 3405 426 3470 ultro
441 3405 483 3470 ad
497 3411 619 3472 cineres
634 3413 731 3496 ipsius
747 3424 777 3476 et
792 3437 863 3480 ossa
877 3421 1026 3501 parentis,
1234 3427 1272 3487 55

240 3509 339 3574 Haud
355 3509 500 3595 equidem
515 3513 582 3576 sine
597 3529 709 3596 mente,
724 3538 806 3598 reor,
821 3521 889 3584 sine
904 3525 1029 3588 numine
1044 3519 1163 3606 divtim,

238 3610 405 3693 Adsumus,
420 3624 451 3676 et
464 3627 572 3698 portus
587 3613 684 3680 delati
699 3621 848 3684 intramus
864 3626 993 3687 amicos.

238 3713 323 3799 Ergo
338 3717 430 3800 agite,
445 3728 477 3778 et
490 3713 594 3781 laetum
608 3723 713 3783 cuncti
728 3721 925 3790 celebremus
941 3725 1109 3792 honoremt

239 3817 410 3882 Poscamus
423 3831 541 3900 ventos,
556 3833 651 3906 atque
666 3823 735 3888 haec
750 3847 800 3890 me
814 3849 906 3892 sacra
921 3834 1088 3914 quotannis

238 3919 329 3986 Urbe
343 3920 418 3985 velit
431 3922 531 4007 positi
547 3925 670 4011 templis
685 3927 745 3992 sibi
760 3929 844 3994 ferre
859 3931 984 3997 dicatis.
1234 3943 1276 4006 60

178 4073 183 4080 .
235 4021 320 4088 Bina
340 4023 434 4094 boum
449 4025 539 4089 vobis
554 4025 652 4114 Trojei
664 4045 829 4116 generatus
844 4035 975 4100 Acestes

237 4123 302 4190 Dat
315 4147 444 4198 numero
457 4131 564 4214 capita
578 4133 610 4196 in
624 4151 738 4199 naves:
762 4133 912 4203 adhibete
928 4137 1059 4204 Penates
