2890 5002
235 431 293 498 tu
677 425 867 488 minos

273 583 429 674 Reginam
442 584 582 652 thalamo
595 597 796 652 cunctantem
810 582 852 648 ad
867 583 977 649 limina
989 586 1085 670 primi

274 689 440 756 Poenorum
455 701 659 776 exspectant:
681 701 829 773 ostroque
843 688 973 774 insignis
989 698 1020 751 et
1034 707 1113 751 auro

275 795 343 862 Stat
357 797 492 880 sonipes,
507 813 546 860 ac
561 793 660 858 hana
674 791 766 858 ferox
781 791 959 877 spumantia
972 787 1105 854 mandit.
1256 795 1307 854 155

272 897 417 963 Tandem
431 895 643 983 progreditur,
655 892 768 982 magni
783 896 918 979 stipante
932 890 1072 972 catervi,

273 998 437 1068 Sidoniam
450 1001 536 1086 picto
550 995 756 1084 chlamydem
770 994 967 1062 circumdata
982 994 1100 1076 limb03

272 1101 335 1168 Cui
349 1101 500 1189 pharetra
515 1123 556 1166 ex
571 1121 659 1181 amo,
672 1102 778 1164 crines
792 1098 949 1164 nodantur
962 1103 996 1165 in
1011 1119 1132 1180 aunum,

271 1205 379 1269 Aurea
393 1223 584 1290 purpuream
598 1202 757 1268 subnectit
771 1199 869 1266 fibula
883 1215 1013 1267 vestem.

271 1307 341 1374 Nec
356 1329 418 1373 non
433 1320 464 1372 et
479 1305 613 1393 Phrygii
627 1308 771 1386 comites,
783 1317 816 1369 et
830 1303 919 1370 letus
942 1304 1035 1386 lulus,
1256 1310 1307 1368 140

272 1409 434 1476 incedunt.
480 1409 550 1495 lpse
565 1422 637 1474 ante
653 1407 731 1474 alios
745 1407 976 1495 pulcherrimus
991 1429 1098 1474 onmes

271 1515 368 1580 lnfert
382 1535 416 1580 se
430 1517 551 1578 socitnn
567 1513 692 1593 Encas,
707 1527 802 1599 atque
817 1516 943 1600 agmina
952 1515 1066 1602 jungit.

270 1614 393 1700 Qualis,
407 1617 462 1681 ubi
479 1617 645 1684 hibernam
660 1617 798 1704 Lyciam
813 1617 997 1702 Xanthique
1012 1615 1128 1684 fluenta

270 1717 409 1798 Deserit,
423 1741 462 1784 ac
475 1717 594 1812 Delum
607 1732 783 1786 maternam
797 1720 902 1788 invisit
915 1717 1042 1806 Apollo,

270 1820 488 1905 instauratque
503 1821 639 1902 choros;
660 1824 815 1907 mixtique
829 1819 944 1886 altaria
957 1822 1077 1886 circum
1255 1827 1306 1888 155

205 1999 208 2009 k
270 1922 447 2009 Cretesque
461 1923 676 2011 Dryopesque
691 1924 837 2006 fremunt,
851 1928 991 2012 pictique
1006 1920 1183 2012 Agathyrsi
1198 1947 1211 1988 ι

269 2026 340 2112 lpse
351 2029 436 2115 jugis
451 2025 574 2114 Cynthi
586 2025 740 2114 graditur,
753 2027 901 2114 mollique
917 2027 1063 2096 liuentem

269 2128 395 2194 Fronde
409 2133 524 2215 premit
538 2133 660 2196 crinem
675 2129 804 2216 fingens,
819 2143 914 2216 atque
929 2130 1069 2218 implicat
1079 2152 1180 2212 auro3
1259 2181 1266 2194 .

268 2231 351 2298 Tela
365 2245 477 2298 sonant
490 2232 641 2300 humeris.
685 2231 785 2298 Haud
799 2231 854 2298 illo
869 2236 995 2320 segnior
1009 2235 1078 2300 ibat

269 2335 402 2402 AEness:
425 2349 544 2402 tantum
559 2339 686 2422 egregio
700 2333 800 2400 decus
813 2339 910 2400 enitet
924 2357 991 2402 ore.
1254 2341 1306 2404 1⁵0

311 2439 480 2525 Postquam
495 2438 575 2505 altos
589 2453 716 2506 ventum
730 2441 763 2506 in
778 2453 899 2506 montes
912 2453 1007 2528 atque
1022 2443 1109 2506 invia
1127 2439 1240 2524 lustra,

249 2525 355 2608 'Ecce
370 2543 455 2622 ierae,
470 2545 541 2606 saxi
556 2540 688 2631 dejecte
702 2546 833 2624 vertice,
848 2564 957 2628 caprae

153 2661 155 2670 ’
267 2643 450 2710 Decurrere
460 2646 563 2732 jugis:
587 2644 650 2710 atis
664 2646 706 2736 de
719 2659 810 2732 parte
825 2659 971 2732 petentes

268 2748 496 2814 Transmittunt
510 2769 605 2813 cursu
619 2769 750 2833 campos
764 2763 859 2833 atque
874 2753 999 2837 agmina
1013 2755 1103 2818 cervi

270 2849 493 2916 Pulvenrlenta
507 2849 580 2934 iugi
593 2847 779 2934 glomerant,
793 2865 977 2938 montesque
991 2851 1184 2942 relinquunt.
1254 2863 1307 2924 155
1405 2864 1406 2883 ’

268 2955 312 3017 At
325 2974 404 3038 puer
419 2952 574 3016 Ascanius
588 2949 700 3014 mediis
714 2954 748 3016 in
762 2951 899 3020 vallibus
914 2959 983 3023 acri

268 3054 395 3118 Gaudet
410 3073 511 3139 equo;
528 3053 660 3138 jamque
675 3051 733 3118 hos
747 3075 852 3138 curati,
860 3057 929 3144 jam
943 3063 1086 3146 praeterit
1098 3059 1193 3143 illos3

270 3159 534 3243 Spumantemque
549 3153 621 3220 dari
635 3177 754 3240 pecora
768 3161 851 3224 inter
864 3163 980 3228 inertia
994 3167 1077 3229 votis

268 3260 365 3347 Optat
379 3281 501 3346 aprum,
516 3271 569 3323 aut
583 3256 702 3324 fulvom
716 3257 912 3330 descendere
927 3277 1032 3332 monte
1045 3264 1182 3336 leonem·

170 3369 174 3378 ‘
312 3364 435 3430 Interea
449 3381 563 3448 magrro
576 3363 703 3428 misceri
718 3383 876 3430 murmure
889 3366 1005 3434 cmltun

269 3468 402 3554 Incipit:
426 3470 601 3553 insequitur
614 3469 785 3536 commixti
798 3471 952 3560 grandine
966 3476 1102 3545 nimhtu·

269 3571 310 3636 Et
324 3571 419 3657 Tyrii
434 3573 565 3638 comites
578 3575 707 3658 passim,
721 3586 753 3640 et
767 3573 908 3664 Trojsna
917 3579 1076 3666 juventus,

268 3671 513 3759 Dardaniusque
527 3697 625 3762 nepos
640 3676 787 3760 Veneris,
800 3679 928 3748 diversa
943 3703 1002 3770 per
1016 3705 1109 3774 agros

268 3779 369 3845 Tecta
384 3792 467 3844 metu
481 3779 621 3866 petiitret
643 3794 737 3848 ruunt
750 3781 790 3848 de
805 3785 963 3852 montibus
977 3807 1095 3854 mues-

269 3881 458 3970 Speluncam
473 3881 558 3948 Dido
572 3881 639 3950 dux
653 3895 685 3952 et
699 3885 858 3974 'lhojsnut
872 3889 1017 3958 eandem

268 3985 468 4051 Deveniunt:
490 3989 593 4071 prima
607 3998 639 4052 et
653 3985 763 4054 Tellus
777 4001 808 4054 et
822 3993 967 4077 pronuba
980 3993 1065 4062 June

268 4084 355 4154 Dant
368 4089 510 4174 signum
530 4087 646 4156 tutone
660 4091 759 4176 ignes
772 4103 805 4158 et
818 4097 963 4162 conamus
977 4093 1080 4164 ether
