2648 5288
550 791 670 853 'LIBER
691 792 741 853 tx.

95 942 289 1032 Gor-pora,
302 949 508 1032 captivosque
523 945 622 1027 dabit,
636 968 756 1033 suaque
769 946 912 1013 omnibus
927 968 1033 1015 arma:

100 1046 266 1136 insuper
279 1051 339 1132 his,
352 1051 459 1137 campi
473 1051 557 1137 quod
574 1074 630 1117 rex
647 1052 744 1117 habet
758 1052 824 1138 ipse
839 1052 981 1117 Latinus.

104 1144 160 1212 Te
178 1153 284 1233 verb,
295 1175 367 1219 mea
380 1174 476 1239 quem
490 1154 597 1240 spatiis
611 1155 811 1240 propioribus
826 1168 899 1219 atas
1112 1158 1174 1218 275

109 1248 321 1343 Insequitur,
334 1255 516 1323 venerande
530 1280 619 1343 puer,
629 1258 696 1343 jam
711 1272 840 1343 pectore
855 1271 919 1322 toto

114 1350 278 1444 Accipio,
291 1374 322 1423 et
335 1359 482 1425 comitem
497 1381 589 1425 cesus
603 1356 796 1445 complector
810 1363 843 1423 in
856 1380 979 1423 omnes:

118 1448 230 1523 Nulla
246 1462 321 1525 meis
335 1462 403 1527 sine
417 1475 448 1527 te
464 1475 622 1547 quaeretur
635 1460 736 1548 gloria
750 1461 865 1541 rebus3

121 1554 187 1623 Seu
206 1584 333 1648 pacem,
346 1586 402 1630 seu
418 1563 504 1629 bella
517 1584 636 1652 geram,
651 1564 707 1629 tibi
721 1564 857 1629 maxima
871 1586 976 1629 rerum
1132 1630 1134 1634 ,

123 1658 378 1757 verborumque
392 1669 482 1735 fides.
527 1670 646 1736 Contra
661 1691 754 1756 quem
769 1671 846 1737 talia
860 1673 944 1737 fatur
1112 1678 1175 1738 280

127 1762 313 1857 Euryalum
337 1775 392 1839 Me
405 1773 491 1840 nulla
505 1773 573 1839 dies
589 1788 652 1839 tam
667 1775 800 1839 sortibus
816 1775 898 1840 ausis

128 1861 327 1943 lhssimitem
342 1882 499 1965 arguerit3
522 1892 658 1954 tantum:
680 1879 805 1943 fortuna
819 1878 957 1945 secunda

130 1970 191 2039 Aut
208 1981 343 2047 advorsa
357 1981 462 2047 cadat.
508 1981 571 2046 Sed
587 1995 617 2047 te
631 2005 726 2068 super
740 1986 844 2047 omnia
859 1982 943 2047 dona

131 2068 242 2152 Unum
254 2109 329 2153 oro:
351 2091 505 2174 genetrix,
521 2087 636 2150 Priami
651 2085 692 2151 de
706 2099 798 2173 gente
814 2085 944 2168 vetusti,

129 2172 185 2246 F&
202 2192 401 2277 mihiquem
416 2192 561 2257 miseram
577 2191 674 2255 tonuit
687 2213 748 2254 non
764 2191 821 2256 ilia
834 2190 926 2255 tellus
1111 2201 1172 2257 285

130 2276 261 2362 Mecum
275 2295 492 2375 excedentem,
508 2319 568 2360 non
583 2298 698 2359 moenia
713 2296 795 2381 regis
811 2298 945 2383 Acestae.

130 2378 232 2465 Hanc
246 2423 304 2488 ego
319 2423 399 2466 nunc
415 2401 554 2488 ignaram
570 2399 661 2487 hujus
673 2399 892 2487 quodcumque
906 2400 1017 2486 pericli
1032 2416 1088 2485 est,

128 2480 233 2578 'nque
246 2503 411 2569 salutatam
427 2504 549 2589 linquo:
573 2525 634 2567 nox
650 2517 680 2567 et
695 2516 748 2567 tua
761 2508 847 2569 testis

127 2582 277 2673 Dextera
291 2605 377 2693 quod
388 2627 542 2692 nequeam
557 2606 717 2692 lacrymas
731 2610 873 2693 perferre
887 2611 1035 2696 parentis.

125 2692 168 2760 Ᾰῑ
182 2714 233 2790 tu,
246 2732 312 2791 oro,
326 2709 428 2775 solare
443 2713 579 2795 inopem,
594 2724 625 2773 et
639 2731 787 2775 succurre
805 2711 936 2777 relictae.
1109 2718 1172 2776 290

116 2790 231 2885 [Hanc
245 2814 312 2878 sine
324 2835 375 2878 me
389 2835 476 2898 spem
492 2813 574 2876 serre
591 2816 634 2876 tui
644 2839 654 2892 3
662 2811 840 2903 ,audentior
855 2814 908 2877 ibo

128 2892 162 2963 ¹¹¹
175 2929 275 2981 casus
290 2938 410 2983 omnes.
439 2914 607 2980 --Percussa
622 2930 724 2979 mente
740 2914 893 2979 dederunt

127 2994 327 3086 Dardanidae
343 3021 521 3106 lacrymas3
544 3032 616 3083 ante
631 3040 738 3083 omnes
752 3015 885 3104 pulcher
901 3017 1003 3100 liilus3

129 3103 239 3200 Atque
250 3124 386 3189 animum
400 3124 511 3208 patriae
526 3121 650 3185 strinxit
664 3121 789 3206 pietatis
804 3121 917 3206 imago.
1039 3189 1042 3199 ,

128 3202 220 3290 Tum
233 3228 278 3292 sic
293 3226 424 3292 effatur:
1112 3236 1172 3293 295

131 3308 282 3398 Spondeo
301 3328 397 3417 digna
411 3333 471 3393 tuis
485 3329 662 3415 ingentibus
676 3330 779 3394 omnia
794 3334 917 3416 coeptis.

133 3408 280 3518 lliittaque
294 3437 353 3498 erit
368 3437 427 3497 ista
443 3433 518 3497 mihi
532 3436 685 3519 genetrix,
699 3456 872 3519 nomenque
888 3435 1017 3502 Creiisoe

137 3515 245 3601 Sttlurn
257 3535 411 3617 deluerit3
433 3559 491 3602 nec
507 3551 629 3622 partum
643 3539 745 3623 gratia
760 3536 854 3601 talem

139 3616 242 3705 Ptrva
254 3655 368 3720 manet,
382 3663 475 3706 casus
490 3642 605 3706 lactum
619 3641 806 3725 quicumque
821 3656 1000 3725 sequentur.

141 3720 201 3798 Per
216 3759 309 3830 caput
324 3745 384 3809 hoc
395 3746 478 3832 juro,
491 3767 549 3830 per
564 3743 647 3829 (quod
663 3760 753 3830 pater
769 3744 840 3807 anth
855 3743 998 3825 solebat,
1113 3755 1175 3814 300

142 3826 220 3911 ΨΜ
234 3849 290 3914 'tibi
304 3848 457 3935 polliceor
471 3848 581 3913 reduci
596 3850 755 3933 rebusque
770 3846 924 3927 secundis,

145 3930 225 4033 Hbc
238 3952 347 4018 eadem
362 3957 517 4038 matrique
533 3967 593 4017 tuae
608 3953 776 4038 generique
791 3952 969 4016 manebunt.

147 4034 195 4107 Sit
210 4059 253 4120 ait
264 4056 488 4144 illacrymans:
512 4056 642 4121 humero
657 4056 748 4121 simul
764 4059 851 4120 exuit
865 4077 971 4122 ensem

148 4140 301 4239 Auratum,
314 4158 394 4224 mira
410 4180 502 4243 quem
517 4159 636 4224 iecerat
651 4173 718 4222 arte
732 4158 868 4243 Lycaon

107 4256 115 4267 “
148 4238 285 4342 Gnoum,
298 4277 393 4348 atque
408 4261 546 4327 habilem
561 4261 674 4348 vagina
689 4261 812 4346 aptarat
826 4260 957 4328 eburna.
1116 4266 1177 4327 aot

149 4336 213 4420 Dat
227 4362 297 4430 Niso
310 4366 494 4432 Mnestheus
509 4367 624 4454 pellem
640 4365 858 4450 horrentisque
873 4365 972 4431 leonis

153 4440 300 4533 hubas:
321 4469 444 4557 galeam
459 4468 540 4535 fidus
553 4481 711 4555 permutat
721 4468 843 4535 Aletes.

439 4580 478 4634 38
