2756 5010
606 414 741 482 ‚LIBER
760 415 808 476 tv.

215 569 383 654 Nunquam
398 563 572 634 Dardania
587 570 759 654 tetigissent
773 579 878 633 nostra
893 568 1030 634 carine!

214 673 315 752 Dixit,
330 685 361 736 et
375 693 411 736 os
426 675 579 758 impressa
594 685 671 753 toro,
687 672 859 738 Moriemur
873 671 998 737 inulte!

215 773 279 838 Sed
295 777 474 853 moriamur,
489 777 550 838 ait:
573 777 631 852 sic,
645 777 691 838 sic
702 775 792 860 juvat
807 777 855 838 ire
870 774 928 839 sub
943 774 1081 840 umbras.
1193 767 1258 835 seu

216 879 356 942 Hauriat
371 875 454 940 huuc
469 874 569 940 oculis
584 879 688 962 ignem
702 874 840 939 crudelis
854 877 896 940 ab
912 875 974 940 alto

217 978 397 1058 Dardanus,
412 993 443 1042 et
458 989 571 1042 nostrae
587 999 693 1042 secum
708 978 790 1042 serat
804 981 907 1042 omina
923 982 1087 1087 mortis*

257 1082 415 1162 Dixerat3
437 1094 530 1167 atque
546 1080 632 1146 illam
647 1079 753 1148 media
768 1085 850 1146 inter
864 1081 940 1148 talia
959 1084 1043 1146 lerro
1060 1106 1064 1121 ·

216 1184 400 1272 collapsam
415 1184 593 1272 adspiciunt
607 1189 747 1266 comites,
762 1207 930 1271 ensemque
945 1207 1057 1250 cruore

215 1290 427 1374 Spumantem,
442 1309 629 1374 sparsasque
644 1310 765 1354 manus.
810 1289 836 1352 lt
850 1287 970 1353 clamor
985 1286 1026 1354 ad
1041 1285 1105 1353 alta
1193 1295 1257 1354 666

215 1394 321 1472 Atria3
343 1413 528 1458 concussam
542 1390 718 1457 bacchatur
733 1392 817 1456 lama
831 1413 889 1478 per
902 1390 1034 1471 urbem3

216 1495 379 1562 Lamentis
393 1498 584 1582 gemituque,
598 1509 630 1560 et
645 1495 791 1560 soemineo
806 1494 933 1576 ululatu,

214 1599 317 1664 Tecta
332 1600 486 1679 fremuut3
508 1611 634 1664 resonat
648 1598 767 1685 magnis
781 1596 983 1686 plangoribus
997 1598 1107 1664 aether.
1212 1621 1221 1634 ·

215 1701 286 1768 Non
301 1701 392 1767 aliter
399 1702 501 1788 quam
515 1703 541 1766 si
555 1705 701 1768 immissis
715 1714 787 1765 ruat
801 1700 940 1766 hostibus
955 1705 1055 1782 omnis

96 1823 107 1838 ·
214 1805 386 1894 Carthago,
402 1819 456 1872 aut
471 1809 599 1891 antiqua
616 1805 733 1892 Tyros,
749 1805 942 1890 flammaque
956 1805 1094 1871 lureutes
1190 1813 1252 1872 670

169 2485 184 2534 l

213 1909 358 1976 Culmioa
372 1931 494 1996 perque
509 1911 669 1975 hominum
684 1907 850 2002 volvantur
863 1930 982 1994 perque
997 1909 1137 1976 deorum.
1154 1915 1161 1972 l

255 2014 366 2079 Audiit
380 2013 543 2094 exanimis,
557 2011 743 2099 trepidoque
759 2013 907 2078 exterrita
922 2035 1025 2095 cursu,

214 2115 378 2203 Unguibus
393 2137 450 2180 ora
465 2137 554 2180 soror
570 2114 701 2194 soedans,
717 2125 747 2178 et
761 2129 892 2201 pectora
907 2120 1028 2202 pugnis,

213 2221 275 2284 Per
288 2218 410 2284 medios
425 2222 497 2298 ruit,
512 2197 750 2284 acbrorientem
766 2221 888 2282 nomine
903 2218 1038 2284 clamat:
1054 2235 1060 2296 t

213 2323 286 2387 Hoc
301 2321 393 2402 illud,
406 2343 567 2410 germana,
581 2322 660 2418 suits
681 2343 731 2386 me
746 2320 856 2385 fraude
870 2321 1025 2406 petebas?
1188 2330 1250 2390 675

200 2379 285 2492 blac
300 2449 396 2514 rogus
410 2429 469 2490 iste
484 2423 571 2505 mihi,
585 2422 645 2488 hoc
660 2427 748 2512 ignes
764 2445 890 2508 araeque
904 2421 1060 2510 parabant
1070 2425 1110 2536 lq

209 2529 294 2612 Quid
308 2525 445 2614 primitur
459 2527 585 2592 deserta
600 2530 738 2610 querar?
759 2528 945 2589 comitemne
960 2547 1100 2590 sororem

210 2632 366 2718 Sprevisti
380 2632 536 2695 moriensi
559 2627 671 2694 eadem
686 2648 736 2690 me
752 2625 793 2691 od
809 2627 873 2691 lata
888 2625 1053 2706 vocasses,

210 2735 299 2801 ldem
313 2736 425 2801 ambas
441 2733 524 2798 ferro
539 2731 638 2812 dolor,
654 2744 748 2816 atque
763 2728 875 2794 eadem
890 2729 979 2810 hora,
993 2729 1123 2796 tulisset.

210 2839 275 2904 His
290 2841 387 2902 etiam
402 2834 500 2900 struxi
515 2834 668 2912 manibus,
682 2835 863 2918 patriosque
879 2835 991 2896 vocavi
1188 2840 1251 2906 660

211 2943 304 3008 Voce
319 2939 407 3022 deos,
421 2943 467 3004 sic
483 2949 514 3003 te
528 2951 562 3002 ut
574 2936 685 3026 pqsita,
700 2935 856 3001 crudelis!
879 2917 1046 3000 abesstml

209 3044 412 3122 Extinxtite,
427 3061 550 3126 meque,
565 3061 662 3118 soror,
676 3038 896 3124 populumque,
910 3051 1079 3123 patresque

210 3143 369 3224 Sidonios,
382 3141 557 3226 urbemque
573 3153 668 3206 tuam.
711 3137 941 3227 Date,vulnera
956 3139 1119 3236 lymphisq

209 3247 370 3326 Abluam;
392 3261 433 3326 et,
448 3259 606 3310 exuemus
621 3247 648 3308 si
663 3246 732 3329 quis
747 3264 841 3328 super
856 3239 970 3306 halitus
986 3257 1080 3323 errat,

209 3350 277 3414 Ore
291 3349 406 3436 legam.
452 3347 504 3412 Sic
519 3346 595 3426 lata,
609 3343 724 3432 gradus
735 3356 881 3408 evaserat
895 3341 984 3422 altos,
1186 3351 1249 3412 685

211 3456 498 3536 Semianimemque
513 3453 582 3514 sinu
597 3471 777 3536 germanam
792 3445 938 3534 amplexa
954 3447 1080 3512 fovebat

211 3556 295 3622 Cum
308 3557 437 3643 gemitu,
451 3566 545 3637 atque
561 3565 645 3617 atros
660 3551 802 3615 siccabat
816 3561 903 3612 veste
918 3569 1056 3613 cruores,
1117 3539 1122 3552 '

210 3659 283 3740 llla,
296 3679 410 3746 graves
424 3657 532 3722 oculos
547 3667 661 3720 conata
676 3651 829 3733 attollere,
844 3673 950 3716 rursus

210 3761 350 3828 Deficit:
373 3759 503 3826 infixum
518 3758 619 3824 stridit
633 3758 692 3822 sub
705 3771 834 3842 pectore
849 3754 970 3818 vulnus.

208 3865 278 3930 Ter
292 3885 362 3929 sese
377 3861 520 3928 attollens
535 3861 704 3945 cubitoque
720 3857 838 3923 adnixa
852 3856 979 3936 levavit,
1186 3867 1248 3928 690

208 3969 280 4034 Ter
292 3965 436 4032 revoluta
451 3980 520 4030 toro
534 3977 601 4044 est3
623 3961 784 4046 oculisque
799 3959 976 4025 errantibus
992 3959 1054 4028 alto

206 4071 364 4156 Quaesjuit
376 4067 459 4136 coelo
473 4067 586 4148 lucem,
601 4066 811 4153 ingemuitque
826 4048 993 4150 repertatlr.
