2648 5288
4 39 94 89 auem
109 39 231 86 tortuna
245 40 330 81 viros
344 39 388 80 tot
402 39 529 80 casinus
544 37 631 81 actos

1 141 70 189 tur:
93 144 185 208 quem
200 120 258 185 das
272 120 374 193 finem,
389 140 446 182 rex
461 139 582 205 magne,
597 118 750 184 taborum*

30 229 139 312 potuit,
153 222 264 287 mediis
278 219 402 306 elapsus
418 219 575 303 Achivis,-

7 353 21 393 s
36 342 200 414 penetrare
215 329 299 389 sinus
314 338 407 407 atquo
421 327 529 388 intima
544 338 650 403 tutus,
737 364 750 391 ι

2 434 220 508 Liburnorum,
234 441 265 492 et
279 428 394 490 sontem
408 448 558 512 superare
573 428 709 507 Timavi,

0 559 44 599 er
57 555 114 597 ora
128 552 238 597 novem
253 543 341 593 vesto
355 549 426 592 cum
441 550 597 593 murmure
612 532 725 593 montis

1 671 3 699 τ
17 652 207 726 proruptum,
222 647 252 698 et
266 633 378 719 pelago
392 637 506 718 premit
522 656 599 698 arva
614 638 748 699 sonanti.

0 765 60 806 oen
76 740 127 804 iile
143 738 253 802 urbem
269 735 380 800 Potavi
394 735 547 820 sedesque
562 735 679 800 locavit

2 868 79 921 rum,
94 858 124 907 et
138 844 220 929 g'enti
237 861 347 904 nomen
362 838 459 917 dedit,
474 860 624 924 armaque
639 840 708 905 fixit

14 970 92 1013 nuuc
109 943 235 1031 placidi
248 939 424 1027 compostus
439 963 518 1028 pace
533 945 677 1027 quiescit.

32 1053 206 1137 progenies,
221 1046 293 1110 coeli
309 1046 422 1130 quibus
437 1045 546 1109 annuis
561 1066 678 1125 aecem,

4 1179 17 1220 s
32 1152 219 1236 (infandum)
234 1151 365 1227 amissis
380 1151 470 1211 unius
484 1148 526 1210 ob
541 1150 621 1211 iram

1 1283 49 1337 ur,
64 1273 158 1341 atque
173 1251 259 1317 italis
273 1250 364 1336 longe
377 1249 583 1337 disjungImur
595 1252 672 1314 oris.

0 1366 80 1426 tatis
95 1360 214 1423 honos?
234 1359 279 1418 sic
295 1377 351 1418 nos
366 1357 398 1417 in
412 1366 537 1437 sceptra
551 1356 700 1437 reponis?

0 1462 158 1528 obsidens
173 1458 331 1522 hominum
345 1469 431 1519 sotor
445 1470 537 1538 atque
552 1453 692 1533 deorum,

0 1590 48 1646 uo
63 1563 176 1627 eoelum
191 1571 450 1642 tempestatesque
466 1566 599 1635 serenat,

5 1675 113 1738 libavit
130 1682 225 1745 natae3
240 1666 354 1730 dehinc
369 1664 446 1729 talia
461 1664 561 1727 fatue:

20 1789 80 1853 eto,
95 1769 276 1856 Cytherea:
299 1781 424 1831 manent
440 1770 566 1830 immota
580 1780 704 1833 tuorum

14 1883 41 1955 ig
62 1896 172 1939 cernes
187 1872 297 1936 urbem
312 1886 343 1934 et
356 1873 510 1955 promissa
526 1868 642 1933 Lavini

15 1980 241 2062 sublimemque
256 1975 338 2039 seres
354 1973 395 2038 ad
411 1972 516 2036 sidera
531 1972 604 2036 coeii

11 2090 104 2149 imum
121 2080 258 2160 AEoeao3
279 2098 379 2164 neque
395 2098 444 2140 me
459 2079 611 2163 sententia
625 2079 731 2141 vertit.

6 2194 23 2252 ii
40 2189 129 2252 tuboe
144 2187 237 2264 enim,
252 2181 377 2269 quando
392 2180 457 2244 haec
472 2194 503 2243 te
517 2201 594 2244 cura
608 2179 750 2245 remorde

2 2318 6 2326 ·
24 2308 53 2356 et
69 2289 197 2354 volvens
211 2287 344 2351 sotorum
360 2305 476 2349 arcana
491 2285 638 2368 movebo)

8 2400 114 2480 ingens
129 2403 217 2478 geret
232 2386 331 2467 itatis,
345 2385 538 2473 populosque
553 2386 676 2450 feroces

18 2512 57 2576 et,
72 2508 236 2580 moresque
250 2494 327 2555 vitis
342 2504 372 2554 et
386 2493 501 2554 moenia
515 2502 619 2575 ponet,

7 2601 69 2660 ium
85 2598 178 2660 Latio
192 2607 374 2660 reunantem
388 2591 503 2657 viderit
517 2606 616 2660 estas
