2648 5288
513 804 630 864 LIBER
648 806 695 865 lV.

98 966 264 1047 interpres
277 957 386 1023 diutim
401 957 462 1021 lert
476 956 605 1023 horrida
613 961 701 1046 jussa
715 980 774 1045 per
787 982 891 1027 auras·

100 1064 237 1133 Scilicet
252 1066 279 1127 is
294 1062 416 1148 superis
431 1061 521 1125 labor
535 1076 599 1141 est;
621 1084 659 1126 ea
673 1085 751 1128 cura
770 1066 889 1150 quietos

97 1166 269 1235 sollicitat.
316 1165 427 1249 Neque
442 1178 473 1228 te
488 1178 588 1243 teneo,
603 1186 705 1250 neque
718 1166 804 1231 dicta
817 1167 938 1233 refello,
1081 1179 1143 1237 300

99 1272 123 1353 Ι,
140 1292 279 1356 sequere
294 1268 417 1333 ltaliam
431 1268 551 1348 ventis,
572 1281 644 1354 pete
658 1291 756 1356 regna
768 1292 827 1356 per
840 1272 951 1337 undas.

97 1378 207 1461 Spero
219 1372 369 1459 equidem
382 1369 504 1449 mediis,
519 1373 545 1434 si
561 1371 637 1456 quid
651 1373 704 1458 pia
718 1374 844 1439 numina
857 1390 995 1460 possunt,

98 1476 268 1565 Supplicia
282 1476 451 1541 hausurum
463 1472 610 1560 scopulis,
625 1489 656 1539 et
670 1480 795 1541 nomine
807 1476 895 1541 Dido

100 1584 197 1669 Saepe
213 1595 407 1646 vocaturum.
452 1580 573 1664 Sequar
587 1579 662 1643 atris
676 1580 798 1667 ignibus
812 1581 926 1647 absens
937 1610 955 1668 ςΙ

102 1684 154 1763 Et,
169 1706 268 1769 quum
281 1682 397 1769 frigida
412 1702 495 1746 mors
509 1681 611 1745 animai
625 1681 786 1747 seduxerit
801 1698 895 1763 artus,
1081 1692 1142 1750 385

105 1784 260 1849 Omnibus
273 1784 385 1848 umbra
401 1783 478 1849 locis
492 1783 607 1848 adero:
629 1783 729 1863 dabis,
743 1784 896 1870 improbe,
910 1806 1030 1871 poenas.

111 1887 264 1969 Audiam3
285 1901 317 1952 et
331 1888 400 1951 luec
415 1888 527 1952 Manes
540 1888 644 1952 veniet
658 1888 733 1952 mihi
746 1890 831 1957 lama
844 1890 903 1954 sub
917 1890 1004 1955 imos.

115 1988 171 2053 llis
186 1990 321 2055 medium
336 1990 427 2055 dictis
441 2013 615 2056 sermonem
630 1990 797 2077 abrumpit;
811 2004 842 2055 et
856 2013 949 2057 auras

123 2086 209 2177 Egra
222 2094 303 2179 fugit,
317 2114 413 2178 seque
428 2116 468 2157 ex
482 2093 581 2157 oculis
595 2094 708 2157 avertit
721 2107 753 2158 et
767 2095 879 2176 aufert,

124 2188 268 2277 linquens
280 2196 379 2261 multa
393 2210 476 2260 metu
491 2209 688 2260 cunctantem
703 2210 734 2261 et
747 2196 844 2261 multa
859 2210 1023 2282 parantem
1080 2206 1143 2265 390

131 2286 241 2361 Dicere.
281 2300 460 2384 Suscipiunt
475 2297 608 2379 lamule,
622 2297 826 2385 collapsaqre
841 2301 984 2366 membra

136 2389 288 2467 lltrmoreo
301 2404 441 2468 referunt
455 2401 603 2483 thalamo,
617 2407 784 2488 suatisque
799 2420 963 2489 reponunt.
975 2408 996 2509 j

172 2500 277 2587 lupius
291 2504 417 2583 AEneas,
432 2524 611 2588 quanquam
626 2503 725 2570 lenire
740 2505 899 2571 dolentem

146 2594 250 2670 &itudo
261 2610 356 2692 cupit,
371 2619 402 2669 et
416 2606 509 2670 dictis
524 2620 669 2669 avertere
683 2628 787 2685 curaS,

148 2694 221 2769 llulta
230 2730 360 2795 gemens,
374 2730 549 2794 magnoque
564 2711 701 2773 animum
716 2708 891 2776 labefactus
906 2734 1023 2795 amore,
1082 2722 1143 2780 395

150 2796 215 2871 lutra
225 2826 320 2877 tamen
335 2812 443 2877 dlvrim
459 2816 642 2896 exsequitur
656 2812 853 2898 classemque
867 2819 987 2881 revisit.

152 2900 206 2973 ltu
217 2915 282 2979 verb
296 2916 415 2981 Teucri
430 2917 622 2989 incumbrrnt;
637 2928 668 2977 ct
683 2914 786 2979 littore
801 2917 903 2981 celsas

151 3002 278 3083 fluiscunt
293 3032 359 3083 toto
372 3040 469 3083 naves
481 3046 489 3097 3
511 3033 598 3084 natat
612 3032 706 3083 uncta
721 3023 852 3099 carina;

151 3106 366 3207 frondentesque
380 3122 482 3185 lerunt
495 3143 598 3187 remos
613 3134 645 3184 et
658 3121 776 3185 robora
790 3120 878 3186 silvis

147 3212 312 3305 lulabricata,
326 3228 406 3312 lugae
421 3225 534 3290 studio.

144 3316 283 3409 lllgrantes
296 3350 419 3408 cernas,
434 3328 559 3412 totique
574 3350 616 3391 cx
629 3329 709 3393 urbe
723 3344 860 3395 ruentes.

139 3426 178 3489 lc
190 3428 270 3495 reluti
285 3435 440 3517 ingentem
454 3432 593 3496 formicae
608 3432 701 3495 larris
716 3454 866 3497 acervum

136 3528 221 3611 Qum
231 3534 387 3621 populant,
402 3534 515 3599 hiemis
529 3556 692 3611 memores,
707 3548 853 3619 tectoque
868 3552 1039 3623 reponunt:

132 3632 156 3697 lt
167 3639 274 3723 nigmm
288 3643 408 3724 campis
423 3660 544 3723 agmen,
558 3637 759 3722 predamque
774 3660 833 3722 per
849 3638 965 3705 herbas

127 3736 307 3807 convocant
321 3740 402 3806 calle
417 3754 567 3827 angust03
588 3763 663 3827 pars
677 3740 811 3827 grandia
829 3724 956 3809 trudunt
1085 3755 1146 3812 405

121 3842 246 3909 Obnire
259 3848 413 3911 frumenta
428 3846 585 3925 humeris3
608 3867 681 3930 pars
697 3848 822 3932 agmina
837 3862 961 3932 cogunt,

120 3950 337 4037 Castigantque
352 3974 475 4016 moras:
499 3972 595 4036 opere
610 3954 711 4015 omnis
726 3953 837 4015 semita
852 3951 964 4016 servet.

115 4052 197 4135 Quis
211 4055 266 4119 tibi
279 4068 363 4135 tunc,
376 4054 473 4135 Dido,
488 4058 629 4120 cernenti
644 4054 721 4119 talia
736 4059 864 4119 sensus?

115 4158 242 4241 Quosve
255 4158 356 4225 dabas
370 4164 511 4247 gemitus,
526 4182 620 4245 quum
636 4160 740 4224 littora
756 4161 878 4224 fervere
894 4159 958 4223 late

113 4260 316 4345 prospiceres
330 4284 406 4327 arce
420 4264 604 4341 ert-summai,
619 4276 778 4348 totumque
794 4261 918 4326 videres
1086 4272 1149 4330 410

111 4364 246 4431 Misceri
260 4381 330 4431 ante
345 4364 453 4431 oculos
467 4370 562 4431 tantis
576 4366 768 4431 clamoribus
783 4370 911 4451 sequor?

110 4472 262 4557 improbe
276 4496 373 4556 amor,
388 4475 464 4561 quid
479 4498 542 4542 non
557 4473 703 4541 mortalia
716 4488 846 4560 pectora
860 4475 967 4559 cogis!
