2792 4998
549 389 665 450 LlBEll
679 391 742 451 Xll.
1121 397 1181 452 385

137 551 241 637 Atque
256 547 340 628 huic,
355 548 520 614 infaciem
533 571 623 615 soror
636 563 669 614 ut
683 569 837 615 conversa
852 549 976 616 Metisci
1003 557 1008 568 ”

138 653 262 738 Aurigae
278 673 466 736 currumque
483 664 514 715 et
528 674 625 737 equos
640 665 671 716 et
686 651 753 718 lora
767 652 908 738 regebat,

137 754 270 820 Talibus
284 755 421 821 occurrit
435 753 547 820 dictis:
571 755 655 836 Heic,
671 755 787 836 Turne,
802 776 969 840 sequamur
1117 761 1179 821 625

138 857 346 945 Trojugenas‚
362 855 423 943 qud
437 859 538 942 prima
552 861 637 921 viam
653 859 784 924 victoria
798 857 925 944 pandit3

140 960 218 1024 Sunt
234 960 288 1024 alii
304 960 358 1044 qui
372 971 455 1024 tecta
471 979 562 1024 manu
579 959 749 1026 defendere
765 965 894 1047 possint.

138 1064 259 1151 Ingruit
275 1063 389 1128 AEneas
405 1062 501 1145 ltalis,
517 1077 548 1128 et
562 1063 672 1150 proelia
690 1065 816 1130 miscet:

138 1167 180 1232 Et
194 1190 252 1232 nos
266 1187 352 1232 saeva
365 1189 457 1232 manu
473 1169 628 1232 mittamus
643 1168 753 1232 funcra
769 1168 914 1235 Teucris.

137 1271 168 1336 N
170 1293 207 1336 ec
225 1291 354 1335 numero
368 1270 504 1352 inferior,
518 1291 629 1356 puguae
644 1291 702 1335 nec
719 1269 846 1353 honore,
860 1271 1003 1339 recedes.
1120 1279 1182 1338 630

137 1374 267 1438 'fumus
281 1373 323 1438 ad
340 1372 430 1437 hoecr
901 1403 902 1408 κ

135 1476 167 1542 Ο
181 1499 281 1556 soror,
297 1489 327 1540 et
342 1474 459 1540 dudum
474 1479 596 1562 agnovi,
612 1497 706 1561 quum
721 1479 822 1564 prima
836 1501 894 1565 per
909 1494 1009 1546 artem

138 1579 278 1645 Foedera
292 1579 433 1658 turbasti,
450 1593 541 1664 teque
558 1579 626 1644 haec
641 1583 674 1644 in
689 1580 775 1647 bella
790 1581 924 1647 dedisti:
1015 1621 1025 1642 .

136 1683 180 1748 Et
195 1705 277 1748 nunc
293 1681 504 1766 nequidquam
521 1681 614 1762 fallis,
628 1683 699 1747 dea.
745 1684 808 1749 Sed
824 1685 891 1771 quis
907 1685 1045 1772 Olympo

134 1785 317 1853 Demissam
332 1796 433 1849 tantos
450 1783 546 1848 voluit
560 1798 591 1849 te
607 1786 690 1850 ferre
706 1787 853 1852 laborest
1118 1795 1180 1852 est

135 1891 188 1955 An
204 1890 310 1954 fratris
325 1887 430 1952 miseri
444 1885 539 1951 letum
554 1901 587 1952 ut
601 1888 729 1954 crudele
746 1890 890 1956 videres?

132 1992 222 2059 Nam
240 1991 314 2078 quid
331 1995 412 2076 agol
433 2003 486 2054 aut
500 2011 569 2075 quae
580 1993 646 2076 jarn
661 1991 794 2078 spondet
808 1997 932 2060 fortuna
947 1995 1097 2062 salutem?

133 2096 219 2162 Vidi
234 2094 342 2161 oculos
356 2107 427 2158 ante
442 2095 509 2179 ipse
523 2117 608 2159 meos
624 2117 673 2160 me
689 2119 766 2162 voce
782 2114 946 2165 vocantem

130 2201 336 2278 Murranum,
350 2219 412 2284 quo
428 2219 488 2262 non
503 2213 630 2284 superat
644 2198 720 2264 mihi
731 2202 834 2266 carior
849 2202 939 2285 alter,

128 2305 301 2391 Oppetere
315 2302 479 2388 ingentem,
494 2317 588 2387 atque
603 2303 719 2387 ingenti
734 2303 862 2369 vulnere
877 2308 1004 2372 victum.
1119 2314 1181 2374 stu

115 2405 268 2472 'Occidit
283 2404 402 2484 infelix,
417 2425 457 2469 ne
471 2416 609 2469 nostrum
625 2403 764 2469 dedecus
785 2405 884 2472 Ufens

126 2507 347 2595 Adspiceret:
370 2491 661 2590 Teucrt'potiuntur
676 2527 808 2591 corpore
824 2521 855 2571 et
870 2511 974 2574 armis.

124 2611 335 2677 Exscindine
349 2610 458 2675 domos
474 2605 527 2695 (id
541 2609 637 2674 rebus
652 2609 751 2674 defuit
766 2614 877 2697 unum)

126 2715 332 2803 Perpetiarl
352 2712 465 2778 dextra
479 2733 537 2778 nec
553 2711 690 2778 Drancis
705 2713 791 2778 dicta
805 2714 970 2780 refellam?

119 2821 247 2906 Terga
265 2817 370 2882 dabo?
392 2830 423 2882 et
433 2817 573 2881 Turnum
585 2817 752 2902 fugientem
764 2816 831 2882 haec
844 2831 928 2884 terra
940 2819 1081 2885 videbit?
1118 2825 1180 2884 645

120 2921 252 3009 Usque
270 2919 391 2985 adedne
406 2919 485 2983 mori
500 2920 646 2982 miserum
662 2923 729 2984 est?
772 2919 840 2984 Vos
855 2943 874 2984 ο
889 2921 975 3005 mihi,
991 2924 1112 3006 Manes,

116 3027 206 3092 Este
225 3026 319 3102 boni,
334 3021 481 3108 quoniam
497 3020 623 3106 Superis
638 3041 750 3086 aversa
764 3021 918 3088 voluntas.

117 3131 260 3196 Sancta
277 3125 319 3190 ad
334 3146 390 3188 vos
404 3123 519 3203 anima,
533 3137 627 3208 atque
643 3124 729 3188 istius
744 3127 844 3190 inscia
859 3127 970 3212 culpae,

113 3229 357 3309 Descendam,
372 3249 554 3314 magnorum
569 3227 653 3292 haud
669 3251 805 3313 unquam
819 3228 961 3316 indignus
977 3253 1116 3300 avorum.

114 3337 193 3404 Vix
213 3357 265 3400 ea
280 3334 364 3398 fatus
379 3339 446 3396 erat
460 3357 469 3412 3
492 3331 611 3396 medios
626 3329 710 3395 volat
725 3354 799 3396 ecce
814 3353 872 3417 per
888 3332 991 3400 hostes
1120 3345 1182 3405 650

110 3443 262 3508 Vectus
280 3457 364 3520 equo
379 3447 543 3521 spumante
560 3435 666 3513 Saces,
681 3433 815 3500 adversa
830 3435 940 3522 sagitta

109 3545 275 3614 Saucius
290 3560 369 3618 ure3
390 3541 525 3623 ruitque,
540 3537 710 3624 implorans
725 3537 848 3602 nomine
863 3538 1020 3606 Turnum:

107 3653 254 3725 Turne,
273 3643 309 3708 in
325 3653 355 3705 te
370 3662 516 3726 suprema
530 3639 631 3720 salus;
653 3643 803 3705 miserere
817 3653 950 3706 tuorum.

105 3750 303 3822 Fulminat
317 3741 439 3809 AEneas
454 3746 570 3823 armis3
592 3763 789 3828 summasque
803 3743 938 3808 minatur

101 3861 352 3947 Dejecturum
367 3869 457 3913 arces
473 3846 595 3926 ltalilm,
610 3845 798 3931 excidioque
813 3845 976 3929 daturum;
1121 3857 1182 3918 65⁵

99 3968 272 4047 Jamque
292 3953 382 4019 faces
396 3950 437 4018 ad
453 3963 536 4016 tecta
550 3947 674 4015 volant:
697 3949 774 4014 inte
790 3971 845 4014 ora
857 3951 973 4033 Latini,

100 4069 143 4136 ln
161 4080 201 4132 te
220 4053 352 4128 oculos
367 4055 524 4121 referunt:
547 4065 665 4120 mussat
678 4073 737 4119 rex
751 4056 819 4140 ipse
834 4054 965 4120 Latinus

505 4163 546 4220 49
