2928 5002
594 429 749 492 ECLOGA
770 433 819 492 111.

619 613 793 661 orneris.

211 693 261 755 An
276 689 362 768 mihi,
379 693 532 757 cantando
543 695 649 774 victus,
665 721 725 764 noo
741 702 887 770 redderet
902 704 963 784 ille,

213 797 318 872 Quem
334 817 405 862 mea
421 800 603 864 carminibus
620 805 779 870 meruisset
793 807 903 885 fistula,
920 811 1070 894 caprum?

213 900 247 964 si
261 901 374 978 nescis,
390 921 478 964 meus
494 902 544 965 ille
560 925 653 988 caper
669 904 746 984 suit3
769 911 885 974 etmihi
902 909 1024 976 Damon

210 1005 280 1090 lpse
296 1003 459 1084 fatebatur,
476 1007 531 1070 sed
547 1009 681 1073 reddere
697 1032 787 1093 possa
802 1016 943 1096 negabat.

603 1132 791 1176 trasceas.

210 1207 371 1275 Cantando
386 1226 419 1275 tu
434 1213 529 1276 illum.
549 1260 556 1275 .
576 1260 585 1276 .
601 1214 615 1277 ?
638 1231 690 1278 aut
705 1237 839 1300 unquam
855 1220 907 1282 tibi
925 1220 1024 1286 fistula
1039 1221 1112 1286 ceri
1190 1229 1232 1286 25

210 1311 318 1380 Juneta
335 1316 415 1382 suit?
438 1339 498 1382 non
513 1332 545 1381 tu
560 1321 590 1382 in
607 1321 709 1396 triviis,
725 1323 858 1401 indocte,
875 1325 995 1390 solebas

212 1421 355 1486 Stridemi
372 1423 515 1487 miserum
532 1423 643 1510 stipula
657 1425 834 1510 disperdere
850 1431 999 1494 carmen?

506 1511 508 1514 ’
608 1549 779 1592 canoras.

180 1651 183 1658 ¹
209 1625 263 1691 Vra
279 1647 363 1711 ergo,
380 1628 539 1706 internos,
557 1632 627 1714 quid
643 1634 738 1716 possit
749 1645 887 1718 uterque,
903 1637 1034 1700 vicissim

208 1731 434 1822 Experiamur?
457 1755 516 1818 ego
531 1735 610 1801 hanc
626 1739 747 1802 vitulam
765 1737 819 1823 (ae
835 1739 911 1806 forte
929 1763 1063 1820 recuses,

207 1833 262 1900 Bis
277 1839 359 1902 venit
375 1840 413 1902 ad
427 1840 596 1918 mulctram,
612 1841 699 1905 binos
714 1843 766 1906 alit
781 1846 875 1908 ubere
889 1843 984 1931 setus)
1188 1850 1231 1908 30

207 1941 360 2028 Depono:
383 1957 415 2007 tu
431 1943 493 2020 dic,
509 1965 630 2008 mecum
648 1966 707 2029 quo
722 1948 848 2031 pignore
864 1963 974 2016 certes.

602 2069 791 2115 manaseas.
838 2124 843 2134 .

207 2146 258 2213 De
269 2172 363 2236 grege
378 2175 439 2216 non
455 2153 550 2218 ausim
567 2155 731 2239 quidquam
747 2155 903 2241 deponere
918 2171 1020 2221 tecum
1035 2179 1043 2218 ε

207 2253 264 2320 Est
279 2255 351 2319 mihi
367 2277 500 2342 namque
513 2258 595 2321 domi
611 2274 707 2343 pater,
724 2273 770 2323 est
784 2259 894 2347 injusta
908 2281 1061 2339 noveroa3

206 2357 322 2445 Bisque
338 2361 388 2425 die
403 2375 562 2426 numerant
577 2365 666 2428 ambo
681 2387 787 2448 pecus,
801 2365 875 2428 alter
891 2379 922 2428 et
932 2367 1047 2430 hedos.

206 2462 333 2544 Verirm,
348 2468 378 2530 id
392 2468 472 2551 quod
489 2467 584 2530 multo
599 2481 662 2530 tute
672 2470 737 2550 ipse
754 2467 891 2532 fatebere
907 2469 1015 2552 majus,
1186 2472 1227 2528 35

206 2568 340 2634 insanire
354 2572 428 2635 libet
444 2573 588 2656 quoniam
603 2573 667 2648 tibi,
683 2572 794 2655 pocula
810 2593 923 2656 ponam

207 2671 332 2757 Fagina,
348 2676 488 2738 caelatum
504 2674 594 2738 divini
610 2696 687 2758 opus
701 2675 943 2751 Alcimedontis3

205 2772 304 2842 lenta
319 2779 428 2864 quibus
443 2792 530 2841 torno
546 2777 626 2842 sacili
643 2780 839 2864 superaddita
853 2779 922 2842 vin's
1030 2819 1036 2830 ·

204 2881 340 2946 Diffusos
356 2882 474 2947 hedert
487 2883 577 2945 vestit
591 2883 722 2966 pallente
739 2883 912 2966 corymbos.

204 2987 238 3051 ln
253 2989 355 3053 medio
371 2987 433 3052 duo
449 2988 555 3070 signa:
578 2986 698 3066 Conon,
715 3004 746 3051 et
764 3035 771 3051 .
791 3035 798 3051 .
817 3037 825 3052 .
843 2991 909 3074 quis
925 2987 981 3052 fuit
995 2988 1081 3064 alter,

205 3091 375 3178 Descripsit
389 3093 475 3156 radio
490 3106 586 3154 totum
602 3092 653 3176 qui
668 3093 807 3175 gentibus
821 3094 948 3171 orbem;

202 3192 360 3281 Tempora
376 3215 442 3280 quae
459 3215 583 3271 messor,
600 3215 665 3278 qua
681 3215 791 3260 curvus
806 3209 905 3259 arator
920 3195 1072 3260 haberet?

203 3300 347 3365 Necdum
363 3299 421 3363 iilis
436 3298 520 3362 labra
535 3299 665 3374 admovi,
682 3300 737 3362 sed
753 3300 874 3362 condita
890 3319 987 3364 servo.

606 3420 779 3462 orneris.

205 3504 245 3570 Et
259 3505 347 3570 nobis
363 3505 445 3567 idem
461 3501 643 3567 Alcimedon
660 3504 721 3566 duo
737 3503 847 3588 pocula
862 3501 945 3578 fecit,

203 3607 245 3672 Et
259 3607 342 3672 molli
358 3609 474 3671 circum
490 3621 536 3670 est
551 3625 641 3671 ansas
655 3607 815 3693 amplexus
830 3605 982 3684 acanth03
1178 3608 1221 3670 45

203 3713 388 3799 Orpheaque
401 3714 429 3776 in
447 3713 550 3776 medio
557 3713 668 3797 posuit,
683 3713 834 3796 silvasque
850 3705 1022 3795 sequentes.

203 3816 345 3882 Necdum
360 3817 420 3880 illis
433 3817 517 3880 labra
532 3817 663 3896 admovi,
679 3818 735 3880 sed
751 3817 874 3882 condita
889 3835 986 3878 servo.

204 3919 235 3985 Si
250 3923 288 3986 ad
304 3921 428 3984 vitulam
444 3934 575 4006 spectas,
587 3920 659 3984 nihil
675 3934 722 3984 est
738 3921 819 4004 quod
834 3919 945 4005 pocula
958 3917 1075 3984 laudes.

589 4040 776 4086 straneas.

203 4122 365 4211 Nunquam
379 4123 471 4190 hodie
488 4123 637 4208 effugies:
660 4126 779 4190 veniam
796 4146 987 4210 quocumque
1003 4105 1130 4191 v'oeiris.

376 4229 379 4236 ⁴
536 4231 557 4290 2
