2772 4998
379 413 382 425 ’
520 455 706 520 manum.

122 619 225 707 injicit,
239 629 270 684 et
283 615 364 683 saltn
377 616 774 726 saprutvenabulgiertun

119 720 212 786 Haud
225 720 317 787 aliter
326 722 453 807 juvenis
467 719 589 784 medios
604 725 769 786 moriturus
782 719 935 787 inhostas

120 821 215 903 irruit,
228 837 260 888 et
274 822 336 911 qui
350 821 413 887 tela
428 822 515 887 videt
529 821 712 888 densissima
727 822 837 888 tendit.
1082 832 1144 889 555

119 928 157 991 At
169 927 302 1013 pedibus
317 925 408 1013 longe
422 926 534 992 melior
548 927 668 1013 Lycus,
682 927 763 992 inter
776 939 808 992 et
822 927 938 1008 hostes,

120 1029 197 1096 Inter
210 1045 241 1096 et
255 1051 354 1111 arma,
368 1031 440 1116 iugi
454 1051 560 1096 muros
574 1043 668 1113 tenet,
683 1031 810 1116 altaque
823 1043 925 1097 certat

119 1131 271 1199 Prendere
286 1147 369 1199 tecta
383 1155 486 1214 manu,
500 1133 683 1218 soritimque
698 1135 850 1222 attingere
864 1135 1004 1200 dextrae.

118 1237 211 1319 Quem
224 1239 359 1318 Turnus,
373 1242 493 1323 pariter
506 1257 599 1303 cursu
614 1237 739 1323 teloque
757 1250 892 1317 secutus,

117 1339 255 1427 increpat
268 1341 318 1406 his
332 1345 452 1406 victor:
475 1342 647 1407 Nostraene
662 1341 808 1422 evadere,
822 1339 962 1420 demens,
1085 1343 1148 1404 560

117 1438 246 1528 Speristi
263 1457 294 1508 te
308 1467 401 1530 posse
416 1449 545 1510 manusi
567 1444 665 1516 Simul
680 1446 790 1530 arripit
804 1449 907 1530 ipsum

116 1543 310 1626 Pendentem,
325 1559 356 1612 et
371 1546 482 1632 magni
497 1546 663 1611 muricum
678 1559 769 1634 parte
783 1547 925 1612 revellit:

115 1646 216 1729 Qualis
231 1651 288 1717 ubi
303 1661 356 1715 aut
372 1647 511 1735 leporem
525 1661 579 1713 aut
592 1643 740 1714 candenti
755 1671 889 1735 corpore
903 1665 1042 1734 cycnum

114 1749 232 1818 Sustulit
246 1752 313 1818 alta
326 1765 437 1837 petens
452 1751 585 1836 pedibus
598 1752 687 1816 lovis
701 1753 837 1840 armiger
850 1751 956 1833 uncis;

112 1851 276 1934 Qraesitum
292 1869 346 1920 aut
360 1857 452 1919 matri
466 1854 570 1920 multis
585 1854 744 1920 balatibus
759 1877 872 1943 agnum
1085 1861 1146 1922 56⁵

113 1953 236 2024 Martius
251 1981 272 2024 a
287 1957 418 2024 stabulis
432 1959 536 2044 rapuit
550 1959 651 2046 lupus.
697 1959 845 2045 Undique
860 1957 980 2026 clamor

112 2056 259 2127 Tollitur:
282 2061 445 2143 invadunt,
459 2075 491 2127 et
506 2062 604 2128 iossas
619 2085 734 2150 aggere
748 2063 925 2150 complent3

111 2162 258 2230 Ardentes
274 2165 376 2230 tmdas
391 2163 446 2228 alii
462 2162 502 2230 ad
518 2165 642 2252 fastigia
651 2168 785 2250 jactant.

110 2263 237 2333 llioneus
250 2290 333 2334 saxo
347 2279 442 2353 atque
456 2268 573 2353 ingenti
587 2269 740 2354 fragmine
755 2272 868 2334 montis

110 2365 280 2451 moenum,
295 2382 396 2457 portae
411 2371 605 2450 subeuntem,
620 2371 768 2456 ignesque
782 2371 955 2451 serentem
1083 2375 1147 2435 570

109 2467 290 2539 Emathiona
306 2473 413 2558 Liger,
427 2474 621 2558 Corynaeum
634 2475 745 2538 sternit
757 2473 892 2560 Asylas3

109 2571 170 2638 liic
178 2576 289 2663 jaculo
304 2577 416 2656 bonum
431 2575 484 2640 hic
499 2574 591 2661 longi
605 2574 734 2642 fallente
748 2575 882 2662 sagitte,

108 2675 268 2767 Ortygium
285 2679 433 2760 Caeneus,
447 2679 597 2744 victorem
613 2677 731 2744 Caenea
745 2671 882 2759 Turnus,

108 2777 225 2848 Turnus
239 2785 338 2870 ltym,
352 2781 572 2866 Cloniumque,
586 2779 791 2867 Dioxippum,
811 2779 1061 2868 Promolumque,
1160 2779 1163 2784 “

105 2879 143 2946 ut
157 2886 312 2972 Sagarim,
327 2897 358 2950 et
372 2883 498 2949 summis
513 2891 645 2948 stantem
660 2901 719 2969 pro
734 2883 869 2948 turribus
884 2882 981 2963 ldan'3
1081 2889 1143 2948 ⁵75

107 2983 286 3054 Privernum
303 2987 435 3074 Capys:
458 2985 541 3052 hunc
555 2983 658 3071 primo
672 2984 751 3050 levis
763 2984 856 3052 hasta
870 2985 1012 3050 'l'emillre

106 3086 296 3156 strinxerat:
321 3088 376 3154 ille
391 3109 528 3168 menum,
540 3089 683 3174 proJ‘ecto
697 3090 842 3175 tegmine,
855 3087 984 3156 demens
1103 3125 1107 3134 ·

104 3189 152 3256 rid
165 3192 277 3260 vulnus
295 3191 387 3272 tulit3
408 3211 484 3277 ergo
499 3189 557 3255 alis
571 3190 694 3278 allapsa
708 3193 829 3278 sagitta,

105 3289 142 3358 ut
154 3295 233 3362 levo
247 3295 362 3361 adfixa
374 3307 422 3359 est
437 3294 528 3359 lateri
543 3313 662 3374 manus,
676 3293 848 3380 abditaque
862 3296 943 3362 intuo

103 3393 299 3480 spiramenta
310 3401 428 3488 ‘animm
443 3397 529 3462 letali
543 3397 673 3464 vulnere
687 3400 813 3485 rumpit.
1078 3409 1141 3468 580

104 3497 205 3568 Stabat
218 3507 254 3569 in
269 3503 407 3596 egregiis
420 3502 566 3568 Arcentis
581 3501 662 3568 filius
676 3504 780 3584 armis,

103 3601 199 3670 Pictus
214 3627 278 3672 acu
292 3605 508 3692 chlamydem,
521 3619 554 3672 et
566 3607 725 3692 ferrugine
739 3605 845 3672 clanis
859 3605 961 3690 iberi,

102 3703 226 3796 Insignis
240 3712 340 3789 facie,
353 3713 477 3796 genitor
490 3731 584 3796 quem
599 3713 728 3775 miserat
742 3713 872 3792 Arcens,

100 3805 253 3878 Eductum
268 3813 386 3879 Matris
400 3811 482 3893 luco,
497 3813 673 3899 Symsethia
687 3817 805 3878 circum
818 3825 823 3838 '

99 3907 252 3996 Hormina,
264 3916 390 4002 pinguis
403 3916 459 3980 ubi
474 3927 506 3979 et
519 3914 686 4000 placabilis
700 3935 757 3980 ara
773 3916 884 3982 Palici.
916 3959 920 3962 -
1077 3923 1138 3983 tus

99 4015 287 4084 Stridentem
303 4017 442 4098 lundam,
455 4020 564 4104 positis
579 4019 751 4086 Mezentius
766 4019 874 4102 hastis,

99 4119 166 4210 lpse
179 4137 230 4194 ter
244 4123 388 4192 adducti
401 4128 523 4192 circum
537 4138 633 4212 caput
646 4127 708 4214 egit
723 4125 857 4209 habenti,

401 4231 443 4292 39
