2648 5288
522 836 638 897 utnon
657 836 720 898 ΧΗ.

105 988 292 1057 Obsedirre:
314 988 369 1057 alii
384 991 483 1079 portis
498 992 682 1059 sublimibus
696 993 831 1059 adstant.

147 1098 193 1159 At
205 1095 300 1175 luno,
314 1116 334 1159 e
347 1116 477 1175 summo,
492 1097 544 1181 qui
559 1118 640 1162 nunc
655 1096 797 1163 Albanus
810 1098 954 1181 babetur,

102 1202 210 1289 (Tum
224 1226 328 1291 neque
342 1225 455 1271 nomen
470 1220 546 1287 crat,
561 1229 618 1271 nec
634 1206 741 1287 honos,
755 1220 808 1271 aut
821 1207 920 1295 gloria
934 1210 1049 1294 monti)
1085 1215 1146 1274 135

111 1308 309 1395 Prospiciens
324 1307 450 1388 tumulo,
464 1328 609 1396 campum
624 1309 840 1396 adspectabat,
855 1323 887 1374 et
902 1312 1009 1377 ambas

107 1411 302 1477 Laurentum
312 1410 498 1496 Troumque
514 1413 608 1492 acies,
622 1412 794 1498 urbemque
809 1413 925 1479 Latini.

111 1512 278 1601 Extemplo
292 1514 391 1579 'Parni
405 1518 451 1579 sic
467 1528 514 1580 est
529 1514 622 1580 affata
637 1537 777 1580 sororem

113 1618 199 1684 Diva
212 1618 307 1683 deam
322 1619 437 1705 stagnis
454 1640 524 1704 quae
539 1618 778 1705 fluminibusque
792 1625 913 1685 sonoris

108 1720 284 1800 l’rresidet3
305 1720 387 1785 hunc
402 1719 446 1784 illi
461 1742 519 1785 rex
533 1720 659 1784 aetberis
674 1721 753 1785 altus
769 1722 917 1786 honorem
1091 1732 1149 1788 140

111 1826 234 1913 Jupiter
249 1823 356 1910 erepti
369 1845 429 1909 pro
443 1823 619 1909 virginitate
634 1826 786 1888 sacravit:

113 1928 275 2017 Nympha,
287 1928 384 1993 decus
399 1927 571 2009 fluviorum,
585 1929 688 1993 animo
701 1933 876 2015 gratissim
891 1941 1006 2008 nostro,

111 2034 180 2099 Scis
194 2048 230 2099 ut
245 2047 275 2098 te
289 2033 408 2098 cunctis
422 2054 525 2112 unam,
540 2053 744 2118 quacumque
759 2032 881 2097 Latinae

111 2136 306 2225 Magnanimi
319 2138 409 2201 lovis
422 2140 577 2224 ingratum
593 2135 765 2201 ascendite
780 2136 895 2217 cubile,

103 2238 319 2320 Praetulerim,
333 2238 466 2324 coelique
481 2239 592 2303 lubens
607 2241 637 2303 iu
651 2252 741 2325 parte
756 2238 894 2304 lecirim.
930 2216 942 2255 i
1091 2247 1150 2303 145

108 2340 210 2407 Disce
226 2354 321 2422 tuum,
335 2364 374 2405 ue
388 2364 438 2405 me
453 2345 585 2420 incuses,
599 2343 743 2423 laturae,
757 2342 909 2407 dolorem.

110 2444 187 2527 Quia
201 2445 270 2507 risa
284 2458 332 2507 est
345 2445 467 2507 fortuna
479 2447 557 2528 pati,
574 2444 742 2528 Pareaeque
758 2445 901 2509 sinebant

106 2546 242 2612 Cedere
256 2568 308 2611 res
321 2545 423 2625 Latio,
437 2547 578 2611 Turnum
584 2559 624 2611 et
638 2562 691 2611 tua
706 2548 919 2613 moenia‘tex'it

114 2652 207 2717 Nunc
218 2653 366 2739 juvenem
381 2651 551 2736 imparibus
567 2649 660 2714 video
674 2672 864 2715 concurrere
874 2652 962 2731 latis,
976 2653 978 2659 '

116 2756 349 2841 Parcarumque
363 2754 430 2818 dies
442 2768 476 2818 et
490 2755 536 2818 vis
552 2754 676 2820 inimica
685 2756 890 2841 propinquat.
910 2786 916 2805 ·
1093 2764 1152 2821 150

117 2858 188 2923 Non
200 2879 338 2944 pugnam
353 2856 514 2941 adspicere
531 2856 612 2920 hanc
628 2857 736 2936 oculis,
751 2878 811 2920 non
828 2854 949 2919 foedera
963 2877 1098 2940 possum.

118 2960 177 3041 Tu,
191 2983 250 3047 pro
264 2981 413 3047 germano
427 2960 453 3023 si
468 2959 542 3045 quid
558 2962 740 3045 praesentius
755 2959 862 3039 nuder,

122 3064 238 3152 Perge3
260 3064 370 3129 decet:
392 3064 496 3129 forsan
512 3069 642 3129 miseros
658 3063 788 3128 meliora
804 3077 982 3149 sequentur.

123 3166 185 3232 vix
199 3188 249 3247 ea,
263 3188 357 3253 quum
372 3166 531 3253 lacrymas
546 3167 644 3231 oculis
658 3167 678 3243 J
681 3182 791 3232 uturna
806 3167 963 3251 proludit3

125 3268 247 3357 'l'erque
262 3285 432 3355 quaterque
448 3293 539 3335 manu
554 3283 663 3356 pectus
678 3275 831 3356 percussit
846 3271 1019 3337 honestum.
1094 3283 1153 3339 1⁵5

122 3370 191 3439 ‘Non
205 3374 355 3460 lacrymis
370 3374 430 3438 hoc
446 3386 576 3459 tempus,
591 3375 633 3438 ait
649 3376 794 3439 Saturnia
808 3376 911 3456 Juu03

134 3474 285 3556 Accelern,
299 3492 330 3540 et
344 3477 481 3553 fratrem,
497 3479 523 3540 si
539 3476 608 3559 quis
623 3475 741 3556 modus,
758 3480 846 3563 eripe
862 3480 970 3543 mortis

137 3576 186 3642 lut
198 3592 229 3643 tu
243 3577 329 3644 bella
341 3579 402 3657 cie,
412 3592 660 3662 conceptumque
676 3592 789 3642 excute
804 3578 916 3643 loedus.

136 3676 238 3747 luctor
253 3704 312 3769 ego
327 3680 475 3745 audendi.
521 3681 572 3745 Sic
587 3679 753 3746 exhortata
773 3680 901 3765 reliquit

135 3774 285 3866 incertam,
299 3798 331 3849 et
345 3786 425 3849 tristi
439 3786 596 3849 turbatam
612 3784 740 3849 vulnere
756 3786 877 3849 mentis.
1096 3796 1155 3854 160

169 3886 285 3955 interea
301 3910 401 3975 reges,
415 3889 533 3975 ingenti
546 3888 628 3953 mole
643 3889 772 3954 Latinus

129 3982 317 4081 Quadrijugo
330 3992 455 4057 rebitur
468 3995 637 4072 curru‚·cui
645 4006 794 4077 tempora
807 3993 926 4057 circum

126 4088 234 4159 Amori
247 4095 297 4159 bis
311 4117 369 4160 sex
383 4094 465 4159 radii
480 4093 629 4180 fulgentia
636 4095 777 4181 cingunt,

126 4186 208 4257 Sota
218 4202 270 4263 ari
283 4202 463 4285 specimen3
484 4198 565 4283 bigis
579 4201 603 4260 it
617 4197 742 4262 Turnus
758 4199 788 4262 iu
803 4199 895 4284 albis,

97 4274 207 4359 ‘Bina
220 4322 312 4367 manu
325 4301 390 4367 lato
403 4301 545 4387 crispans
560 4300 686 4365 hastilia
701 4301 796 4365 sarro.
1099 4308 1157 4366 165

125 4386 214 4462 Hinc
228 4420 317 4490 pater
330 4402 461 4486 AEneas,
476 4403 627 4469 Romanae
643 4405 748 4489 stirpis
763 4407 861 4491 origo,

123 4488 255 4571 Sidere„
265 4509 400 4597 flagrans
410 4508 527 4596 clypeo
542 4521 573 4573 et
587 4507 767 4574 coelestibus
782 4512 885 4590 armis,
