2890 5002
625 1011 962 1116 AEnulnos

607 1285 742 1354 ursan
764 1283 988 1371 eunucus

301 1486 349 1548 Ar
363 1480 480 1569 regina,
494 1486 582 1570 gravi
593 1481 659 1574 jam
674 1479 791 1548 dudum
806 1479 912 1546 saucia
926 1481 1013 1561 curii,
1100 1514 1108 1560 χ

299 1585 421 1651 Vulnus
435 1587 490 1651 alit
504 1591 601 1668 venia,
615 1599 646 1652 et
660 1607 747 1652 caeco
761 1586 901 1672 carpitur
921 1584 995 1672 igni.

300 1687 399 1752 Multa
414 1689 473 1754 viri
488 1690 584 1754 virtus
599 1690 712 1771 animo,
726 1687 902 1774 multusque
917 1697 1061 1751 recursat

298 1789 407 1854 Gentis
424 1789 541 1856 honos:
565 1791 685 1858 haerent
700 1791 788 1855 infixi
801 1803 930 1878 pectore
945 1787 1057 1869 vultus,

194 1886 216 1927 ·'
299 1892 492 1980 Verbaque3
515 1916 572 1959 nec
587 1891 748 1980 placidam
763 1892 911 1957 membris
926 1891 983 1956 dat
996 1911 1073 1955 cura
1089 1888 1233 1976 quietem.
1311 1883 1327 1947 ⁵

299 1994 428 2060 Postera
444 1996 585 2062 Pnoebea
600 1996 754 2061 lustrabat
769 1993 915 2082 lampade
931 2007 1043 2074 terras,

299 2097 553 2184 Humentemque
569 2101 693 2164 Aurora
706 2095 781 2185 polo
796 2095 970 2162 dimoverat
984 2095 1147 2176 umbram

297 2200 401 2282 Quum
416 2201 461 2265 sic
476 2203 655 2267 unanimam
670 2199 840 2288 alloquitur
855 2201 936 2265 maid
952 2223 1029 2265 sana
1042 2221 1203 2266 sororem:

340 2304 432 2368 Anna
446 2326 544 2384 soror,
559 2322 628 2390 quae
644 2325 694 2368 me
710 2324 893 2388 suspensam
909 2302 1062 2367 insomnia
1076 2299 1213 2367 terrent!
1404 2299 1405 2382 l

296 2405 374 2488 Quis
388 2429 486 2472 novus
502 2407 555 2473 hic
570 2411 684 2474 nostris
699 2411 851 2473 successit
865 2405 993 2472 sedibus
1008 2406 1143 2494 hospes!
1296 2403 1332 2462 1⁰
1404 2407 1405 2446 l

297 2509 400 2591 Quem
415 2533 484 2576 sese
499 2534 555 2578 ore
569 2513 692 2577 ferens!
716 2513 810 2596 quam
824 2510 897 2575 forti
910 2523 1050 2596 pectore,
1066 2523 1096 2574 et
1111 2509 1225 2574 munis!

298 2609 406 2677 Credo
422 2613 578 2700 equidem,
593 2637 651 2680 nec
666 2634 749 2678 vana
764 2611 853 2693 fides,
866 2633 965 2700 genus
980 2634 1049 2677 esse
1063 2611 1207 2676 deorum.

298 2715 481 2806 Degeneres
495 2720 614 2785 animos
628 2722 722 2786 timor
736 2717 848 2805 arguit.
894 2716 971 2782 Heu
983 2719 990 2780 !
1014 2717 1129 2802 quibus
1144 2713 1199 2780 ille

298 2819 441 2885 Jactatus
456 2823 544 2885 fatis!
568 2845 638 2906 quas
653 2821 738 2886 bella
754 2821 907 2885 exhausta
922 2821 1075 2886 canebat!
1149 2815 1153 2829 “

300 2923 334 2986 Si
349 2923 425 2986 mihi
440 2945 501 2987 non
515 2923 619 2988 animo
634 2923 731 2988 fixum
745 2927 970 3011 immotumque
985 2923 1112 2989 sederet
1301 2917 1337 2984 1⁵

300 3023 349 3088 Ne
364 3023 415 3087 cui
430 3045 478 3087 me
492 3023 596 3088 vinclo
611 3023 725 3089 vellem
740 3026 862 3090 sociare
872 3025 984 3116 jugali,

301 3127 468 3214 Postquam
482 3128 600 3214 primus
615 3134 704 3194 alnon
718 3127 885 3216 deceptam
899 3141 999 3194 morte
1015 3126 1144 3210 fefellit;

303 3230 336 3294 Si
351 3252 412 3295 non
426 3243 593 3317 pertaesum
608 3229 738 3296 thalami
752 3229 907 3316 taedaeque
922 3231 1047 3312 fuisset3

304 3332 391 3397 Huic
406 3333 458 3397 uni
472 3333 578 3398 forsan
592 3337 679 3420 potui
694 3333 899 3398 succumbere
914 3335 1028 3420 culpae.

303 3438 404 3516 Anna,
419 3437 543 3502 fatebor
558 3439 649 3517 enim,
664 3437 769 3502 miseri
783 3438 932 3523 postlata
949 3437 1076 3526 Sychaei
1308 3439 1349 3504 2⁰

303 3641 392 3707 Solus
407 3642 460 3708 hic
474 3645 594 3710 inflexit
608 3646 938 3730 sensum-animumque
954 3645 1114 3712 labantem

303 3745 438 3830 impulit.
483 3749 628 3835 Agnosco
642 3753 758 3814 veteris
772 3749 905 3838 vestigia
919 3749 1064 3815 flammo.

304 3845 367 3912 Sed
382 3848 458 3913 mihi
473 3850 524 3916 vel
539 3851 630 3916 tellus
644 3867 748 3939 optem
763 3850 849 3938 priris
864 3854 926 3918 ima
941 3852 1094 3934 dehiscat,

1404 2975 1405 3010 r

1404 3029 1405 3100 l

1404 3295 1405 3378 l

302 3537 462 3627 Conjugis,
478 3554 510 3606 et
523 3563 648 3628 sparsos
663 3539 800 3606 fraterna
814 3541 903 3606 caede
919 3541 1062 3623 Penates,

304 3951 368 4015 Vel
381 3965 472 4036 pater
486 3956 679 4042 omnipotens
694 3955 800 4043 adigat
813 3978 863 4020 me
878 3956 1006 4022 fulmine
1022 3956 1063 4022 ad
1080 3957 1223 4042 umbras»,
1317 3963 1357 4021 25

304 4053 459 4118 Pallentes
476 4058 601 4122 umbras
616 4057 724 4138 Erebi,
738 4071 923 4145 noctemque
937 4059 1135 4145 profundam,
1404 4041 1405 4076 ¹

305 4158 396 4237 Ante,
411 4157 525 4242 Pudor,
540 4161 632 4247 quam
647 4160 785 4243 teriolo,
800 4175 853 4227 aut
867 4176 921 4229 tua
931 4164 1007 4250 jura
1019 4162 1154 4228 resolvo.
