2890 5002
595 400 711 498 turn
731 437 767 500 u.

180 589 342 667 Venerat,
357 585 465 652 insano
479 581 666 650 Cassandrae
681 586 960 668 incensusamore3

179 693 224 760 Et
238 713 337 780 gener
352 687 502 756 auxilium
518 688 640 778 ljriamo
655 688 894 776 Phrygibusque
908 689 1051 774 ferebat3

181 797 307 876 Infelix,
322 796 586 882 quinonsponsae
601 806 760 879 precepta
773 794 900 860 furentis
1160 804 1224 862 345

183 899 341 965 Audierit.

182 1003 271 1084 Quos
286 1003 343 1067 ubi
356 1001 513 1068 consertos
528 998 645 1068 audere
659 1001 690 1067 in
705 999 816 1087 pretia
830 1000 906 1081 vidi,

182 1105 308 1192 Incipio
323 1127 417 1192 super
432 1105 500 1170 bis:
522 1103 669 1186 Juvenes,
685 1105 852 1170 fortissima
866 1105 980 1172 frustra

184 1207 332 1288 Pectora,
347 1209 373 1272 si
387 1208 476 1273 vobis
491 1205 657 1274 audentem
675 1221 817 1274 extrema
830 1207 945 1293 cupido

183 1309 285 1376 Certa
299 1313 398 1398 sequi,
413 1334 482 1398 quae
497 1313 536 1377 sit
549 1312 644 1378 rebus
662 1313 785 1378 fortuna
800 1312 930 1378 videtis:
1166 1319 1229 1378 350

186 1415 364 1482 Excessere
378 1439 496 1498 omnes,
510 1416 615 1504 adytis
629 1420 754 1504 arisque
769 1416 894 1498 relicus,

184 1516 232 1582 Di
246 1520 363 1604 qulbus
377 1523 543 1606 imperium
559 1519 618 1586 boc
632 1534 777 1608 ¹steterat:
802 1522 984 1586 succurritis
998 1520 1071 1586 urbi

184 1619 346 1686 lnceusae:
369 1627 550 1702 moriamur,
564 1634 596 1686 et
611 1626 643 1686 in
658 1623 763 1688 media
779 1645 867 1689 arma
881 1645 1027 1688 ruamus:

184 1721 259 1788 Una
274 1721 361 1787 salus
376 1725 468 1787 victis
482 1722 600 1786 nullom
615 1745 744 1809 sperare
759 1727 900 1790 salutem.

184 1824 238 1888 Sic
255 1827 371 1888 animis
381 1825 532 1910 juvenum
547 1823 633 1886 furor
648 1823 785 1888 additus.
810 1826 896 1906 lude,
911 1825 976 1912 lupi
991 1850 1050 1894 ceu
1164 1839 1226 1897 355

185 1925 356 2013 Raptores,
371 1925 441 1990 atrei
455 1927 488 1990 in
503 1923 629 2004 rabuli,
644 1947 722 2011 quos
731 1929 884 2013 ,improba
897 1936 1014 1998 ventris

184 2029 303 2117 Exegit
318 2049 420 2094 caecos
436 2027 551 2108 rabies,
566 2027 725 2114 catulique
741 2030 844 2096 relicti

185 2133 348 2200 Faucibus
363 2145 549 2218 exspectant
563 2135 667 2214 siccis,
682 2156 740 2220 per
755 2134 828 2217 tela,
842 2159 901 2223 per
916 2137 1030 2222 hostes,

186 2237 346 2304 Vadimus
361 2234 446 2301 baud
462 2233 591 2300 dubiam
606 2239 639 2300 in
654 2251 805 2317 mortem3
827 2239 1002 2338 mediaque
1017 2257 1156 2314 tenemus

185 2339 285 2406 Urbis
300 2343 381 2403 iter:
404 2361 467 2404 nox
482 2349 551 2402 atra
566 2337 646 2404 cavei
660 2339 866 2406 circumvolat
881 2344 1003 2411 umbri.
1164 2353 1227 2416 360

167 2517 171 2526 ¹
186 2442 401 2527 Quiscladem
415 2441 499 2508 illius
513 2447 624 2523 noctis,
636 2447 706 2527 quis
721 2444 831 2510 funera
844 2447 941 2513 lando
963 2479 974 2532 Ι

187 2548 346 2634 Explicet
360 2561 414 2612 aut
428 2551 525 2633 possit
540 2546 692 2634 lacrymis
707 2569 833 2632 aequare
849 2547 996 2615 laboresl

187 2651 277 2717 Urbs
293 2656 420 2736 antiqua
434 2655 506 2730 ruit,
520 2650 633 2716 multos
648 2649 809 2716 dominata
823 2675 882 2738 per
897 2636 1013 2735 annos3

187 2755 328 2822 Plurima
342 2776 462 2842 perque
477 2759 545 2820 vias
561 2767 738 2820 sternuntur
753 2758 866 2822 inertia
881 2760 999 2842 passim
1062 2821 1063 2826 ,

185 2858 346 2944 Corpora,
359 2879 479 2944 perque
493 2856 614 2938 domos,
628 2871 659 2922 et
673 2855 833 2950 relligiosa
847 2857 978 2924 deorum
1166 2869 1228 2928 365

186 2962 329 3027 Limina.
351 2959 418 3026 Nec
434 2959 492 3026 soli
508 2981 616 3047 poenas
632 2959 707 3026 dant
722 2965 872 3047 sanguine
887 2961 1024 3043 Teucri3

186 3064 357 3147 Quondam
373 3065 468 3128 etiam
483 3065 574 3127 victis
590 3063 672 3127 redit
687 3067 718 3128 in
734 3063 910 3149 praecordia
926 3065 1040 3130 virtus:

184 3169 399 3252 Victoresque
413 3166 532 3232 cadtmt
545 3165 669 3230 Danai:
692 3164 829 3231 crudelis
845 3168 961 3251 ubique

184 3271 316 3350 Luctus,
330 3270 450 3356 ubique
465 3289 574 3355 pavor,
589 3284 620 3334 et
634 3268 769 3354 plurima
784 3273 891 3333 mortis
906 3273 1020 3358 imago.

229 3375 356 3438 Primus
370 3393 415 3452 se,
430 3372 577 3437 Danafim
591 3372 703 3457 magnei
717 3374 884 3436 comitante
898 3373 1037 3455 caterva,
1166 3385 1228 3444 370

185 3477 375 3563 Androgeus
390 3473 596 3568 offertuuobis,
611 3477 698 3538 socia
713 3473 986 3560 agmina,credens

183 3579 308 3645 luscius
319 3605 341 3658 ;,·
351 3593 445 3663 atque
459 3575 540 3642 ultro
555 3577 662 3642 verbis
676 3574 845 3660 compellat
858 3574 987 3640 amicis:

183 3681 359 3760 Festinato,
375 3681 452 3760 viri;
472 3701 545 3746 nam
560 3701 630 3765 quae
646 3693 709 3744 tam
725 3700 796 3744 sera
811 3691 950 3742 moratur

184 3781 440 3871 Seguitiesltalii
455 3786 580 3869 rapiunt
594 3785 723 3848 incensa
737 3781 901 3866 feruntque

180 3889 365 3974 Pergama5
386 3908 441 3951 vos
456 3885 550 3950 celsis
564 3904 646 3950 nunc
661 3881 795 3970 primitm
811 3884 973 3950 anavibus
988 3888 1056 3952 itis!
1104 3947 1108 3956 .
1165 3897 1226 3957 375

179 3990 288 4070 Dixit,
302 4005 334 4056 et
347 3988 506 4076 extemplo
519 3991 730 4074 (nequeenim
744 4008 893 4073 responsa
908 3988 1064 4058 dabantur

168 4094 375 4192 ,Fidapatid
388 4097 487 4164 sensit
499 4092 620 4162 medios
631 4090 778 4178 delapsus
791 4093 825 4158 iu
835 4091 949 4158 hostes.
