2890 5002
220 331 348 464 XX.

613 375 728 440 Ltustt
748 381 796 441 lv.

204 529 298 614 Saepe
314 523 408 594 oriani
416 528 509 622 ἡνία
524 531 654 596 errando
669 533 700 594 in
715 533 836 598 cotibus
851 531 916 596 alas

201 633 371 711 creuere,
388 635 531 719 ultroque
546 638 677 702 animam
693 640 749 702 sub
766 635 1008 732 suecededdrer

202 739 326 804 Tantus
342 763 427 806 amor
444 741 566 819 florum,
582 758 614 806 et
629 765 765 827 genereo
787 747 797 808 i
813 745 908 829 gloria
923 743 1022 808 mellis
1036 746 1061 832 l·

252 847 336 932 Ergo
353 849 434 932 ipses
450 850 589 932 quemvis
604 852 723 934 angusti
738 851 885 914 terminus
902 850 956 913 reri
986 902 990 912 .

206 952 364 1039 Excipiet,
379 977 481 1038 neque
498 957 579 1018 euim
589 957 664 1040 ¹plus
679 959 810 1042 septima
826 958 945 1022 ducitur
958 951 1061 1034 estus‚'

205 1060 248 1122 At
263 1081 361 1142 genus
373 1060 543 1124 immortale
559 1079 673 1138 manet,
689 1063 863 1147 multosque
879 1083 934 1146 per
950 1083 1046 1126 anuos

207 1161 275 1228 Stat
291 1163 411 1228 fortuna
427 1163 546 1242 domus,
563 1181 595 1230 et
609 1168 658 1232 ari
673 1182 871 1232 numerantur
886 1187 1024 1232 avorum.

205 1268 363 1334 Preterea
378 1291 484 1354 regem
501 1293 562 1336 uon
576 1273 622 1336 sic
635 1271 801 1358 AEgyptus,
818 1289 849 1338 et
864 1275 973 1358 ingens
1078 1322 1082 1332 .
1179 1271 1245 1332 210

208 1372 321 1458 Lydia,
336 1397 395 1440 nec
411 1376 515 1462 populi
531 1377 726 1453 Parthorum,
742 1391 797 1442 aut
812 1377 927 1442 llledus
941 1376 1122 1460 Hydaspes,

207 1480 391 1546 observant.
439 1483 530 1568 Rege
546 1481 702 1566 incolumi,
714 1503 803 1546 meus
815 1484 957 1548 omuibus
972 1503 1033 1548 uus
1048 1495 1111 1547 est:

205 1587 342 1664 Amisso,
358 1585 470 1672 rupere
486 1587 603 1664 fidcm;
626 1601 862 1671 constructaque
878 1587 970 1652 mella

205 1689 373 1775 Diripuere
389 1691 473 1776 ipse,
489 1707 521 1756 et
535 1705 636 1756 crates
651 1691 771 1756 soluere
786 1689 937 1758 surorum.
1192 1763 1193 1768 γ

203 1796 263 1862 llle
278 1817 408 1881 operum
424 1812 550 1878 custos3
573 1797 658 1862 illum
668 1799 882 1878 admirantum
905 1813 936 1874 et
950 1817 1059 1864 omnes
1178 1800 1242 1860 215

207 1900 417 1966 Circumstant
431 1901 552 1968 fremitu
569 1903 677 1980 denso,
693 1905 865 1989 stipantque
880 1903 1080 1990 frequentes;
1249 1901 1252 1906 ’

208 2007 252 2072 Et
267 2007 347 2094 sepe
363 2008 503 2073 attollunt
517 2007 664 2089 humeris,
679 2024 711 2074 et
725 2031 855 2095 corpora
869 2011 952 2076 bello

208 2113 387 2200 Objectant,
402 2115 624 2202 pulchramque
640 2130 747 2202 petunt
762 2138 818 2200 per
832 2117 959 2182 vulnere
975 2129 1117 2182 mortem.
1229 2143 1235 2158 ·

251 2219 313 2285 His
327 2222 453 2308 quidam
467 2225 570 2308 signia,
586 2237 677 2308 atque
693 2224 759 2288 bec
776 2223 919 2306 exemplu
934 2225 1043 2302 secuti,

204 2325 289 2394 Eas
300 2329 408 2414 apibus
423 2342 542 2414 putem
558 2331 665 2398 divine
681 2331 803 2408 mentis,
820 2344 851 2394 et
867 2331 993 2394 haustus

205 2434 373 2514 AEtlrerios,
390 2434 521 2500 dixeras
543 2437 637 2500 deum
652 2456 787 2518 namque
803 2437 847 2500 ire
862 2456 918 2518 per
934 2455 1042 2498 omnes

206 2539 396 2624 Terraeque,
413 2555 589 2626 tractusque
605 2541 708 2616 maris,
723 2541 899 2624 coelumque
916 2537 1123 2624 profundum

207 2644 296 2710 Hinc
311 2647 457 2731 pecudes,
472 2627 621 2722 mmaau,
637 2647 728 2722 viros,
744 2667 842 2729 genus
856 2665 948 2708 omne
964 2642 1108 2722 serarum,

206 2751 375 2836 Quemque
392 2752 448 2816 sibi
463 2765 572 2816 tenues
586 2765 767 2817 nascentem
783 2769 942 2814 arcessere
958 2748 1057 2812 vitas:

205 2853 336 2920 Scilicet
352 2857 413 2920 huc
429 2856 516 2920 reddi
532 2856 645 2920 deiude
661 2877 699 2920 ac
715 2854 848 2920 resoluta
863 2853 969 2918 referri

206 2959 344 3024 Omnia:
367 2971 426 3026 uec
443 2962 532 3026 morti
548 2981 617 3024 esse
633 2960 759 3038 locum;
782 2960 837 3023 sed
854 2959 920 3022 vive
935 2957 1039 3022 volare

208 3065 328 3132 Sideris
342 3069 374 3131 in
389 3087 562 3145 numerum,
579 3079 670 3150 atque
687 3065 747 3130 alto
763 3066 931 3130 succedere
948 3061 1040 3128 coelo.

253 3171 288 3234 Si
305 3173 427 3256 quando
443 3173 551 3236 sedem
567 3185 726 3254 augustam
741 3182 921 3251 servataque
937 3167 1030 3230 mella
1068 3239 1075 3252 x

204 3273 378 3342 Thesauris
392 3277 525 3356 reliues;
547 3275 631 3361 priits
645 3277 755 3341 haustu
769 3295 891 3359 sparsus
907 3291 1054 3356 aquarum

203 3381 274 3446 Ore
289 3381 371 3462 lore,
387 3384 550 3470 fumosque
563 3405 655 3448 manu
671 3383 826 3467 pretende
841 3399 1003 3465 sequaces.

206 3489 266 3553 Bis
279 3492 421 3574 gravidos
435 3506 549 3576 coguut
564 3490 665 3568 laetus,
681 3490 743 3554 duo
758 3503 897 3573 tempora
912 3483 1041 3548 messis:
1159 3489 1163 3497 '

206 3593 350 3679 Taygete
367 3597 457 3660 simul
471 3619 507 3662 os
521 3598 609 3662 terris
623 3596 761 3660 ostendit.
772 3595 932 3658 honestum

206 3699 303 3777 Plias,
319 3719 351 3764 et
367 3699 488 3766 Oceani
504 3715 623 3787 spretos
638 3701 720 3786 pede
735 3699 846 3784 repulit
861 3717 990 3776 amues3

204 3807 273 3868 Aut
286 3809 397 3872 eadem
414 3809 498 3874 sidus
514 3808 634 3893 lugiens
649 3809 701 3872 ubi
716 3805 817 3870 Piscis
832 3805 940 3890 aquosi

204 3907 337 3975 Tristior
352 3912 592 3979 hibernascoelo
608 3912 769 3978 descendit
783 3911 813 3975 iu
829 3910 936 3974 undas.

205 4015 271 4080 lllis
285 4017 330 4082 irs
344 4020 472 4082 modum
488 4039 581 4104 supra
596 4031 652 4097 est,
665 4017 803 4103 leaeque
818 4035 971 4080 venenum

204 4118 365 4188 Morsibus
380 4123 537 4206 inspirant,
552 4138 583 4189 et
598 4123 715 4210 spicula
730 4143 813 4190 ceco
828 4121 1000 4206 relinquunt

564 4231 603 4290 12
