2890 5002
618 447 734 510 LIBER
754 449 775 508 l.

198 601 262 667 Per
276 611 406 678 terram,
421 607 454 662 et
467 593 562 660 versit
575 594 677 683 pulvis
692 597 877 664 inscribitur
891 597 993 666 hasti.

197 705 327 769 Interea
343 701 385 768 ad
400 699 551 786 templum
567 723 628 766 uon
642 719 742 788 tuque
759 701 899 770 Palladis
914 705 1003 770 ibant
1342 765 1344 770 .

196 808 355 872 Crinibus
371 804 488 870 Iliades
502 809 614 890 passis,
628 804 819 891 peplumque
834 807 979 874 serebant
1037 863 1040 870 .
1183 817 1245 875 400

199 909 398 995 Suppliciter
413 909 529 988 tristes,
544 920 575 970 et
590 919 688 974 tunsa
703 922 835 994 pectora
848 909 972 995 palmis.
1055 979 1057 986 .

197 1011 288 1076 Diva
302 1009 370 1074 solo
385 1010 465 1076 fixos
480 1009 588 1074 oculos
603 1031 718 1075 aversa
732 1013 871 1078 tenebat.

197 1115 268 1179 Ter
283 1117 403 1178 circum
417 1113 531 1178 Iliacos
546 1126 731 1198 raptaverat
747 1113 893 1179 Hectora
908 1137 1022 1196 muros,

202 1219 458 1303 Exanimumque
473 1239 552 1302 ¹auro
566 1239 681 1302 corpus
695 1217 855 1282 vendebat
870 1218 1024 1284 Achilles.

197 1321 286 1385 Tum
301 1320 375 1384 vero
388 1325 545 1408 ingentem
558 1323 706 1406 gemitum
721 1319 776 1384 dat
790 1334 920 1406 pectore
935 1321 978 1385 ab
993 1325 1066 1402 imo,
1177 1329 1239 1387 405

204 1423 253 1487 Ut
267 1423 377 1510 spolia,
393 1438 425 1488 ut
441 1435 565 1504 currus‚‘
576 1437 673 1509 utque
688 1427 789 1510 ipsum
803 1447 918 1510 corpus
934 1428 1038 1505 amici,

199 1527 460 1613 Tendentemque
475 1549 586 1592 manus
601 1527 760 1592 Priamum
773 1531 939 1614 conspexit
955 1532 1102 1594 inermes.

200 1632 245 1695 Se
260 1653 383 1717 quoque
398 1631 596 1717 principibus
610 1634 800 1718 permixtum
815 1635 944 1718 agnovit
958 1631 1101 1713 Achivis,

201 1735 354 1821 ansque
370 1737 468 1815 acies,
483 1748 514 1799 et
528 1736 611 1820 nigri
626 1733 803 1799 Memnonis
818 1755 917 1800 arma.

198 1839 301 1903 Ducit
315 1837 545 1904 Amazonidum
561 1836 674 1902 lunatis
690 1840 815 1924 agmina
829 1837 923 1925 peltis
1181 1847 1243 1906 490

200 1939 403 2004 Penthesilea
418 1940 533 2019 furens,
548 1937 725 2023 mediisque
740 1942 772 2002 in
787 1937 926 2005 millibus
941 1939 1041 2022 ardet,

199 2043 309 2107 Aurea
324 2041 516 2106 subnectens
531 2055 667 2106 exserta
682 2039 808 2128 cingula
823 2061 965 2108 mamma
995 2105 997 2113 s

201 2143 371 2226 Bellatrix,
387 2144 547 2229 audetque
560 2148 638 2210 viris
654 2165 844 2210 concurrere
860 2148 960 2234 virgo.

245 2248 329 2312 nnc
345 2245 421 2313 dum
436 2247 604 2312 Dardanio
620 2247 727 2312 AEnetc
743 2247 889 2312 miranda
904 2249 1059 2331 videntur,

199 2347 286 2414 Dum
301 2363 415 2436 stupet,
429 2352 601 2435 obtutuque
616 2350 716 2416 hturet
730 2349 853 2416 defixus
868 2355 900 2416 in
915 2375 987 2434 uno,
1181 2361 1242 2419 495

202 2451 328 2537 Regina
343 2451 385 2518 ad
398 2452 558 2539 templum,
573 2453 674 2518 sormi
688 2453 914 2539 pulcherrima,
929 2454 1015 2519 Dido

201 2554 346 2634 Incessit,
359 2553 470 2642 magna
479 2556 631 2643 juvenum
646 2557 782 2640 stipante
796 2555 936 2620 catervi.

199 2655 317 2741 Qualis
331 2661 364 2722 in
378 2658 504 2722 Eurota
518 2662 598 2744 ripis
614 2671 667 2724 aut
681 2680 740 2744 per
749 2660 827 2746 juga
842 2657 966 2744 Cynthi

200 2761 343 2826 Exercet
357 2761 464 2828 Diana
478 2761 612 2843 choros3
634 2760 832 2850 quam-mille
843 2775 960 2844 secutte

198 2863 293 2930 Hinc
304 2879 398 2950 atque
409 2865 483 2930 hinc
493 2865 707 2951 glomerantur
717 2864 880 2944 Oreades3
896 2863 951 2930 illa
962 2863 1146 2950 pharetram
1182 2873 1245 2934 500

198 2967 281 3033 Fert
295 2966 434 3048 humero,
448 2965 659 3054 gradiensque
674 2965 752 3030 deas
766 2970 978 3051 supereminet
990 2990 1116 3034 omnes:

198 3069 336 3134 Latonae
351 3073 480 3134 tacimm
494 3079 672 3154 pertentant
687 3065 806 3153 gaudia
818 3081 953 3169 pectus-3
1076 3133 1078 3140 ,

197 3171 294 3236 Talis
309 3185 377 3236 erat
391 3170 489 3251 Dido,
503 3168 599 3234 talem
613 3192 648 3235 se
663 3169 737 3235 lota
751 3171 875 3235 serebat

197 3275 266 3341 Per
280 3275 413 3355 medios,
427 3280 546 3340 instans
562 3278 652 3360 operi
668 3277 836 3362 regnisque
852 3275 974 3340 bituris.

195 3381 286 3444 Tum
301 3380 422 3444 foribus
436 3377 530 3458 diva,
545 3377 650 3444 medis
664 3377 820 3442 testudine
835 3376 953 3463 templi,
1182 3379 1243 3448 505

202 3485 306 3567 Septa
320 3487 418 3546 armis
433 3481 575 3567 solioque
590 3481 654 3546 altd
669 3483 814 3562 subnixa,
829 3480 958 3546 resedit.

196 3586 282 3650 Jura
297 3585 396 3651 dabat
410 3585 558 3672 legesque
575 3589 662 3664 viris,
677 3606 870 3670 operumque
886 3583 1028 3651 laborem

198 3687 353 3752 Partibus
368 3688 519 3773 aequabat
528 3690 631 3775 justis,
647 3702 700 3752 aut
714 3700 798 3752 sorte
813 3685 978 3752 trahebat:

196 3791 309 3874 Quum
324 3790 428 3856 subito
444 3791 559 3856 AEneas
573 3813 728 3856 concursu
744 3790 901 3855 accedere
916 3810 1031 3879 magno

196 3891 340 3972 Anthea,
356 3895 597 3980 Sergestumque
612 3893 708 3974 videt,
724 3894 899 3979 fortemque
914 3893 1116 3980 Cloanthum,-
1182 3907 1245 3962 510

195 3987 465 4082 Teucrorumque
481 3995 570 4076 alios,
586 4012 654 4062 ater
669 4019 746 4082 quos
761 4015 889 4082 toquore
904 3999 996 4062 turbo

194 4097 401 4181 Dispulerat‚
414 4097 601 4185 penitltsque
616 4099 696 4165 alias
711 4113 862 4166 avexerat
876 4121 959 4164 oras.
