2890 5002
608 403 724 478 LlBER
741 417 778 478 ll.

196 565 333 634 Numina
348 583 460 655 magna
470 564 576 634 deum.

237 673 320 736 Tum
334 669 412 736 verti
425 693 518 736 omne
532 670 610 736 mihi
623 675 724 738 visum
738 673 904 740 considere
918 677 951 740 in
965 679 1052 763 ignes

196 775 296 854 llium,
310 789 342 839 et
356 797 397 840 ex
412 777 475 840 imo
488 779 570 840 verti
585 776 742 863 Neptunia
757 777 867 874 Troja.
1167 783 1230 842 625

196 881 244 943 Ac
256 877 352 942 voluti
366 878 493 942 summis
507 881 668 962 antiquam
681 883 715 944 in
729 882 885 946 montibus
900 903 1009 948 ornum

195 981 299 1062 Quum
312 979 399 1044 ferro
413 983 551 1044 accisam
564 980 751 1066 crebrisque
765 981 954 1068 bipennibus
969 988 1083 1050 instant

195 1084 317 1148 Emere
331 1081 478 1170 agricolis
493 1087 656 1164 certatim3
679 1083 733 1148 illa
748 1105 853 1170 usque
860 1089 1006 1166 minatur,

196 1187 237 1251 Et
251 1187 434 1250 tremefacta
448 1207 570 1252 comam
584 1205 736 1252 concusso
750 1190 992 1284 vertice'nutat3

196 1287 391 1362 Vulneribus
405 1287 507 1384 donec
521 1249 674 1374 paulatim
688 1293 802 1370 evicta,
816 1289 995 1376 supremitm
1169 1295 1230 1355 630

198 1390 393 1478 congemuit,
408 1395 565 1476 traxitque
576 1393 660 1478 jugis
675 1391 785 1458 avrrlsa
799 1397 932 1458 ruinam.

196 1491 374 1572 Descendo,
388 1513 438 1572 ac,
452 1492 585 1560 ducente
600 1492 672 1573 deo,
686 1493 842 1560 flammam
857 1498 938 1560 inter
952 1508 983 1559 et
998 1493 1101 1560 hostes

196 1594 377 1680 Expedior:
400 1593 477 1664 dant
491 1595 554 1660 tela
569 1594 681 1676 locum,
695 1597 889 1682 flammaque
904 1597 1066 1662 recedunt.
1087 1619 1094 1646 ¹

233 1700 336 1784 Atque
350 1699 405 1762 ubi
416 1701 484 1786 jam
497 1702 609 1784 patriae
624 1714 807 1786 perventum
822 1700 864 1764 ad
879 1699 986 1765 limina
1000 1699 1094 1780 sedis,

194 1801 413 1886 antiquasque
427 1801 547 1882 domos,
561 1805 692 1888 genitor,
707 1823 800 1886 quem
816 1801 925 1868 tollere
940 1785 972 1867 in
987 1803 1066 1868 altos
1167 1807 1229 1864 635

194 1902 355 1988 Optabam
370 1906 505 1990 primum
519 1919 648 1985 montes,
662 1909 857 1992 primumque
871 1909 1028 1994 petebam,

196 2006 342 2094 Abnegat
356 2007 466 2072 excisa
479 2011 577 2072 vitam
592 2009 768 2094 producere
782 2010 902 2097 Trojei,

194 2114 414 2200 Exsiliumque
428 2120 506 2202 pati.
552 2115 620 2182 Vos
635 2139 663 2196 o,
679 2117 792 2202 quibus
807 2121 928 2204 integer
941 2122 1002 2182 aevi

196 2218 340 2304 Sanguis,
354 2221 408 2298 ait,
422 2217 594 2304 solideque
608 2241 664 2284 suo
678 2233 760 2284 stant
773 2221 889 2286 robore
903 2223 995 2286 vires.

194 2318 276 2398 Vos,
290 2323 405 2406 agitate
415 2320 531 2406 fugam.
1167 2327 1229 2382 646

198 2423 256 2487 Me
269 2427 296 2487 si
309 2421 460 2488 coelicolae
475 2423 645 2490 voluissent
658 2423 776 2488 ducere
790 2428 898 2502 vitam,

195 2527 273 2590 Has
287 2526 361 2592 mihi
374 2528 550 2592 servissent
564 2527 673 2592 sedes:
696 2529 771 2592 satis
785 2547 848 2592 una
862 2543 1017 2610 superque.

196 2626 347 2694 Vidimus
360 2625 497 2709 excidia,
511 2641 542 2692 et
557 2642 658 2714 captae
673 2630 888 2713 superavimus
903 2627 985 2690 urbi.

197 2735 252 2798 Sic
267 2755 297 2813 o,
310 2737 356 2798 sic
370 2737 506 2820 positum
517 2731 603 2798 allati
618 2731 773 2798 discedite
788 2753 913 2817 corpus.

196 2837 269 2922 lpse
284 2857 378 2902 manu
392 2851 522 2900 mortem
536 2839 713 2914 inveniam3
735 2835 936 2899 miserebitur
951 2834 1059 2910 hostis,
1168 2839 1228 2893 616

196 2939 400 3024 Exuviasque
414 2951 516 3026 petet:
539 2938 642 3004 facilis
652 2940 777 3028 jactpra
792 2937 938 3023 sepulcri.

195 3041 271 3105 Jam
286 3042 538 3127 pridemnnvisus
553 3041 646 3120 divis,
660 3055 691 3105 et
705 3039 831 3119 inutilis,
842 3061 939 3106 annos

194 3144 362 3224 Demoror,
376 3167 417 3210 ex
432 3166 495 3228 qno
509 3165 559 3208 me
574 3143 681 3208 divirm
695 3156 892 3230 peteretque
908 3144 1064 3208 hominum
1079 3163 1136 3205 rex

196 3245 347 3312 Fulminis
360 3243 478 3312 afflavit
491 3247 591 3312 ventis
606 3259 638 3310 et
651 3245 778 3331 contigit
792 3248 866 3330 igni.

193 3349 291 3414 Talia
303 3351 465 3436 perstabat
479 3371 662 3429 memorans,
676 3349 817 3433 fixusque
832 3346 988 3411 manebat.
1167 3351 1228 3404 666

193 3452 264 3518 Nos
277 3454 385 3518 eontra
399 3450 665 3542 effusiffilacrymis,
679 3453 855 3538 conjuxque
870 3451 1000 3528 Creilsa,
1109 3453 1113 3460 '

193 3557 425 3642 Ascaniusque,
439 3558 601 3642 omnisque
617 3553 736 3633 domuS,
751 3575 790 3618 ne
805 3565 927 3616 vertere
939 3571 1043 3614 secum

194 3657 320 3724 Cuncta
334 3673 435 3746 pater,
451 3659 576 3743 latoque
591 3661 712 3744 urgenti
728 3655 919 3732 incumbere,
932 3652 1037 3718 vellet.

191 3763 349 3850 Abnegat,
362 3767 552 3848 inceptoque
566 3775 599 3826 et
611 3761 738 3826 sedibus
753 3760 851 3824 haeret
866 3763 897 3822 in
913 3757 1023 3822 isdem.

190 3863 320 3930 Rursus
334 3869 364 3930 in
380 3887 470 3932 arma
484 3867 578 3944 seror,
593 3879 786 3947 mortemque
800 3861 988 3926 miserrimus
1003 3873 1087 3946 opto.
1129 3883 1136 3895 ·
1167 3865 1227 3922 655

191 3967 282 4034 Nam
296 3968 379 4053 quod
394 3967 636 4048 consiliumeunt
651 3988 720 4051 quae
731 3967 798 4052 jam
814 3965 937 4028 fortuna
953 3962 1110 4028 dabatur?

190 4068 424 4154 Meneeffene
431 4070 557 4157 pedem,
569 4071 701 4158 genitor,
715 4080 747 4132 te
759 4088 851 4151 posse
865 4063 976 4130 relicto
