2648 5288
529 102 644 160 LIBER
666 104 700 161 V.

96 257 138 319 Et
161 264 279 344 patrius
294 259 404 344 epulis,
421 274 452 322 ct
468 281 545 343 quos
559 260 635 323 colit
650 261 765 346 hospes
780 266 919 326 Acestes.

94 360 274 439 Pr-aeterea,
289 364 315 427 si
331 384 414 427 nona
429 362 514 427 ‹licm
528 363 712 428 mortalibus
727 364 843 431 almum

89 464 231 533 Aurora
251 466 409 547 extulerit,
427 467 590 552 radiisque
603 472 756 532 retexerit
770 470 890 552 orbem,

89 564 214 637 Prima
225 576 297 637 citae
311 572 448 637 Teucris
461 594 577 659 ponam
591 577 767 638 certamina
780 573 910 639 classis:

86 668 231 763 Quique
244 674 360 763 pedum
374 698 469 739 cursu
484 675 577 755 valet,
589 690 624 771 ¹et
638 680 692 761 qui
708 678 829 741 viribus
845 678 960 759 audax,

81 772 168 841 Aut
181 778 284 869 Jaculo
298 779 418 845 incedit
432 778 545 845 melior
558 779 745 865 levibusque
759 784 890 867 sagittis,

81 872 167 945 Seu
183 882 279 947 crudo
293 882 362 948 fidit
377 906 513 971 pugnam
527 888 723 948 committere
737 898 855 965 caestu3

81 976 218 1053 Cuncti
232 988 345 1071 adsint,
360 992 543 1075 meritaeque
558 1001 742 1075 exspectent
755 994 886 1075 praemia
900 990 1025 1077 palmae.
1104 1001 1143 1059 ⁷0

81 1080 171 1155 Ore
186 1094 286 1157 latete
300 1116 419 1173 omnes,
433 1105 465 1157 et
480 1108 620 1179 tempora
634 1097 750 1181 cingite
765 1097 873 1158 ramis.
893 1104 902 1177 l

136 1194 200 1261 Sic
212 1198 304 1277 latus,
317 1197 403 1261 velat
417 1198 559 1263 maternal
573 1212 716 1284 tempora
730 1212 834 1284 myrto
846 1226 855 1279 ;

81 1288 180 1363 Hoc
194 1298 352 1386 Helymus
366 1300 453 1381 lacit,
469 1300 529 1365 hoc
544 1304 604 1365 aevi
620 1316 758 1365 maturus
772 1305 915 1383 Acestes,

81 1392 180 1467 Hoc
192 1424 271 1491 puer
284 1406 457 1483 Ascanium
478 1408 619 1489 sequitur
633 1426 712 1490 quos
726 1416 843 1469 caetera
857 1406 969 1489 pubes.

81 1492 156 1567 [lle
175 1505 341 1571 ecoucilio
355 1504 460 1571 multis
473 1528 545 1571 cum
559 1504 697 1571 millibus
712 1507 778 1571 ibet
1100 1518 1139 1575 75

81 1600 149 1669 Au
168 1607 324 1687 tumulum,
338 1607 452 1694 magni
466 1606 769 1685 mediuscomitante
783 1609 924 1675 catervi.

81 1702 174 1777 use
185 1712 246 1777 duo
259 1712 319 1777 rite
334 1733 421 1777 mero
435 1710 537 1775 libans
551 1712 716 1776 carchesia
731 1712 861 1777 Baccho

84 1802 217 1881 Fundit
230 1812 326 1895 humi,
340 1813 404 1879 duo
418 1813 501 1878 lacte
514 1835 606 1893 novo,
620 1813 683 1879 duo
697 1819 847 1901 sanguine
862 1837 974 1896 sacro;

89 1904 340 2005 Purpureusque
349 1919 429 2004 jacit
443 1918 546 1997 flores,
560 1938 598 1981 ac
614 1916 689 1981 talia
703 1919 805 1981 fatur:

100 2010 209 2101 Salve,
219 2036 326 2086 sancte
340 2042 465 2107 parens,
479 2022 607 2085 iterum:
630 2021 759 2101 salvete,
774 2026 895 2108 recepti
1096 2034 1137 2093 80

104 2110 320 2211 Nequidquam
334 2128 469 2205 cineres,
483 2126 657 2208 animusque
672 2126 856 2209 umbraeque
870 2139 1022 2209 paternae.

115 2214 181 2291 lluu
192 2226 272 2293 licuit
286 2228 364 2291 lines
379 2224 482 2305 Italos,
495 2224 668 2310 fataliaque
683 2246 771 2306 arva,

121 2318 178 2393 ller
188 2344 283 2397 tecum
298 2331 478 2410 Ausonium,
489 2332 678 2414 quicumque
693 2342 750 2408 esu
761 2351 903 2414 quaerere
919 2330 1071 2417 Tybrim.

130 2422 235 2501 lbrerat
247 2434 328 2513 buc,
342 2432 448 2519 adytis
463 2453 558 2516 quum
572 2430 711 2495 lubricus
726 2435 837 2517 anguis
852 2434 894 2497 ab
909 2436 981 2497 imis

131 2526 347 2625 &ptemiugeus
360 2556 468 2623 gyros,
482 2548 612 2621 septena
626 2534 794 2616 volumina,
816 2541 923 2618 traxit,
1096 2546 1135 2601 85

133 2632 269 2723 lnplem
281 2638 409 2727 placide
424 2636 583 2717 tumulum,
597 2637 765 2724 lapsusque
780 2660 839 2724 per
853 2662 944 2721 aras3

132 2728 250 2807 cerulea
263 2745 315 2807 cui
331 2756 420 2829 terga
434 2755 524 2819 notae,
539 2741 715 2805 maculosus
730 2755 761 2804 et
776 2763 853 2806 auro

130 2834 264 2925 squamam
277 2844 468 2911 incendebat
482 2844 602 2930 fulgor,
623 2866 683 2908 ceu
698 2846 835 2908 nubibus
849 2867 943 2909 arcus

128 2936 193 3009 llille
199 2948 275 3035 jecit
288 2951 395 3013 varios
410 2946 546 3011 adverso
561 2944 626 3009 sole
641 2944 775 3011 colores.
865 2958 870 2969 ‘

121 3042 263 3136 Obstupuit
276 3054 346 3115 visu
362 3049 488 3115 AEneas.
534 3049 600 3128 lllc,
615 3053 739 3137 agmine
754 3049 847 3136 longo

117 3146 239 3217 Tandem
252 3153 331 3219 inter
345 3165 473 3239 pateras
487 3167 518 3216 et
533 3151 615 3215 levia
629 3151 745 3237 pocula
758 3174 898 3238 serpens,

111 3250 283 3342 libavitque
298 3256 408 3342 dapes,
422 3277 591 3340 rursusque
606 3255 751 3320 innoxius
766 3260 829 3320 imo

107 3358 250 3425 Successit
262 3359 391 3442 tumulo,
405 3375 438 3425 et
451 3359 583 3445 depasta
598 3359 710 3425 altaria
730 3360 832 3446 liquit.

103 3462 175 3527 ttoe
186 3466 280 3551 mugls
293 3469 438 3551 inceptos
451 3466 584 3550 genitori
601 3460 754 3528 instaurat
768 3463 911 3545 honores,

95 3566 234 3633 lacertus
246 3572 413 3657 geniumne
427 3566 501 3648 loci,
516 3567 705 3633 famulumne
720 3571 870 3653 parentis,
1091 3578 1131 3635 95

94 3670 176 3735 Esse
187 3682 289 3757 putet:
310 3670 408 3737 caedit
422 3671 513 3737 binas
528 3670 569 3736 de
584 3693 671 3737 more
691 3671 847 3751 bidentes,

91 3772 219 3857 'l'utque
233 3796 311 3847 mes.
325 3772 457 3841 totidem
471 3776 630 3861 nigrantes
645 3789 733 3861 terga
744 3778 915 3861 juvencos:

393 3884 432 3941 ‘25
