2890 5002
598 423 712 488 nmen
732 425 779 486 lV.

191 571 399 654 Eumenides,
415 575 573 660 tenuitque
589 575 707 642 inhians
721 579 779 642 tria
792 573 950 644 Cerberus
963 595 1029 658 cre,

189 679 295 764 Atque
311 678 421 745 Ixionii
436 694 529 744 rento
545 695 610 746 rota
625 682 757 748 constitit
771 683 863 748 orbis.
1046 667 1050 678 ⁵

186 784 325 871 Jamque
340 787 455 872 pedem
471 786 608 852 reserens
623 809 713 854 casus
727 804 867 856 evaserat
881 811 999 872 omnes,
1158 792 1223 854 set

188 891 391 978 Redditaque
408 893 567 979 Eurydice
583 915 710 979 superas
724 896 866 960 veniebat
877 897 920 962 ad
936 917 1036 975 auras,

188 997 280 1064 Ponir
296 1021 441 1084 sequens,
457 1021 589 1085 nemque
604 999 685 1066 hanc
701 1001 831 1068 dederat
845 1000 1029 1088 Proserpina
1044 1003 1157 1089 legem,

188 1103 299 1178 erum
316 1105 415 1169 subita
430 1106 586 1168 incautum
602 1105 756 1170 dementia
771 1101 856 1190 cepit
868 1119 1032 1185 amantem,

187 1209 383 1295 Ignoscenda
400 1211 536 1298 quidem,
552 1211 665 1276 seirent
680 1211 705 1274 si
721 1212 880 1295 ignoscere
896 1209 1017 1278 Manes.

184 1313 324 1394 Romen,
340 1313 581 1400 Eurydicenque
597 1333 682 1380 snam
692 1316 759 1402 jam
774 1317 844 1380 tuce
860 1316 916 1380 sne
932 1315 1008 1402 ipat,
1155 1319 1221 1381 reu
1297 1323 1299 1328 ’
1381 1275 1385 1281 ’

186 1387 444 1498 Ιώωεωοῇευ
460 1423 468 1486 1
491 1421 651 1505 victusque
667 1421 770 1499 animi,
786 1423 931 1507 respexit.
954 1423 1000 1488 lbi
1015 1423 1113 1488 omnis

185 1523 315 1590 Effusas
327 1513 424 1604 edon,
439 1539 532 1611 atque
548 1525 671 1590 immitis
687 1539 773 1612 rupte
787 1527 907 1612 tyranrd

186 1631 333 1712 Foedera,
350 1649 458 1718 terque
475 1631 576 1718 t‘rngcr
590 1633 703 1716 stagnis
718 1633 837 1698 auditus
853 1633 993 1698 Auernis.

184 1723 253 1816 Illa,
270 1738 349 1814 Quis
365 1753 397 1802 et
411 1759 474 1815 me,
488 1739 596 1823 inquit,
613 1737 767 1815 miseram,
783 1751 813 1802 et
828 1752 860 1802 te
875 1737 1016 1823 perdidit,
1033 1733 1187 1825 Orphae?

184 1843 267 1920 Quis
281 1859 383 1909 tantus
397 1844 507 1910 sures?
531 1865 569 1908 en
586 1844 696 1908 iterum
711 1843 847 1908 crudelia
864 1857 946 1908 retrc
1151 1848 1215 1909 495
1330 1901 1332 1906 ,

184 1949 266 2014 Fata
281 1953 401 2028 vocent,
418 1949 584 2033 conditque
600 1949 732 2013 natantia
748 1949 861 2014 lumina
877 1969 1011 2015 sumnus.

182 2055 317 2142 Jamque
332 2055 400 2120 vale
416 2077 424 2118 a
447 2055 530 2120 l'ercr
544 2055 658 2140 ingenti
674 2056 981 2132 circumdaremur,

183 2159 399 2247 Invalidasque
416 2161 469 2226 tibi
485 2160 627 2239 tendens,
642 2161 703 2226 heu
716 2163 725 2226 l
749 2183 808 2228 nen
823 2176 886 2240 tua,
902 2163 1028 2247 palmet.

182 2265 286 2348 Dixit,
301 2282 333 2330 et
348 2287 388 2332 ex
404 2266 505 2331 ceulis'
517 2265 626 2342 eubitd,
643 2287 702 2330 ceu
718 2239 819 2330 silenus
832 2251 968 2332 in‘euras

183 2371 381 2438 commixtus
393 2387 515 2451 tenues,
532 2371 607 2456 sugit
618 2374 743 2454 diverse
756 2377 888 2462 :neque
903 2373 987 2438 illum
1151 2377 1215 2438 500

182 2477 387 2546 Praesentem
402 2480 610 2565 nequidquam
627 2463 769 2553 umbras,
779 2492 810 2542 et
824 2478 919 2542 multa
934 2477 1086 2550 volentem

183 2583 312 2666 Dicere,
327 2601 475 2672 preterea
490 2584 586 2664 riditq
610 2605 668 2648 nec
684 2583 809 2669 pertinet
824 2581 900 2648 Orci

181 2690 324 2777 Ampiids
339 2691 493 2776 objectam
508 2711 616 2776 passus
631 2689 758 2754 transire
774 2685 930 2774 paludem.

181 2797 268 2874 Quid
286 2796 429 2861 laceret?
453 2793 514 2880 quir
530 2817 564 2860 se
580 2794 668 2881 raptis
683 2795 729 2859 bia
743 2793 873 2880 conjuge
890 2792 1006 2857 ferret?

179 2903 258 2979 Qun
274 2901 346 2967 detu
362 2893 484 2983 Manes,
501 2899 563 2986 qul
577 2903 701 2966 numina
715 2922 793 2966 rece
808 2894 973 2966 mereret?
1134 2905 1213 2968 ,⁵05

178 3009 238 3076 llla
254 3009 376 3093 quidem
392 3005 503 3093 Stygii
518 3007 684 3094 nebatjam
700 3007 807 3092 frigida
817 3006 945 3093 cymbd.

230 3111 356 3198 Septem
373 3112 458 3177 illum
474 3127 554 3177 totos
570 3113 731 3199 perhibent
746 3133 786 3177 err
802 3115 907 3178 ordine
923 3133 1046 3180 menses
1089 3125 1092 3132 “

177 3215 275 3304 Rupe
291 3217 347 3282 sub
364 3217 458 3298 aerii,
475 3219 586 3303 deserti
603 3219 640 3282 ad
659 3215 829 3302 Strymonis
844 3218 983 3296 undam,

177 3319 332 3401 Fierisse,
348 3337 377 3386 et
391 3323 499 3406 gelidis
515 3323 581 3386 hec
593 3321 740 3386 evolvisse
756 3322 812 3385 sub
824 3322 926 3399 antris,
1049 3367 1055 3378 .

177 3427 374 3494 Mulcentem
390 3425 494 3510 tigres,
511 3441 541 3490 et
557 3439 697 3512 egentem
714 3427 849 3490 carmine
865 3445 1007 3509 quercus.
1075 3419 1077 3422 ’
1147 3429 1211 3489 tto

175 3531 290 3607 Qualis
307 3530 439 3619 pupulci
454 3552 587 3596 moerens
603 3529 773 3595 Philomela
789 3531 845 3594 sub
861 3528 970 3594 umbria

175 3637 318 3702 Amissus
334 3637 471 3721 queritur
486 3635 588 3714 fretus,
606 3655 682 3720 quos
697 3634 791 3698 durus
806 3647 914 3699 arater-

175 3742 358 3807 Observare
373 3742 446 3805 nido
461 3741 624 3827 implumes
640 3741 794 3819 detraxit3
816 3755 848 3805 at
861 3739 912 3806 illa

176 3843 255 3911 Flet
266 3863 400 3926 nectem,
417 3867 564 3932 remoque
581 3849 693 3912 sedeas
707 3845 879 3924 miserabile
895 3866 1020 3911 carmen

169 3953 323 4035 Integrat,
336 3966 368 4015 et
383 3952 499 4016 moestis
514 3949 575 4015 late
591 3951 658 4014 luca
676 3951 831 4034 questibus
846 3949 962 4033 implet.
1146 3953 1209 4010 511

168 4055 273 4123 Nulla
287 4055 406 4134 Venus,
423 4077 482 4120 uon
499 4056 549 4121 ulli
566 4056 701 4120 animum
717 4053 833 4120 flexere
850 4051 1023 4139 Hymenaei.

170 4163 272 4228 Solus
287 4159 510 4248 Hyperboreas
525 4162 650 4246 glacies,
666 4159 861 4245 Tanaimque
876 4160 1017 4240 nivalem,

490 4288 530 4346 13
