2756 5010
512 461 628 522 LIBER
648 461 709 522 vlt.

121 621 241 704 Littora,
256 625 376 710 pinguis
391 624 445 688 ubi
459 637 490 688 et
504 622 668 709 placabilis
684 643 740 687 ara
755 622 877 688 Dianae.

120 726 253 813 Namque
271 729 372 791 ferunt
390 725 474 791 tamt
490 726 710 813 Hippolytum,
727 739 891 812 postquam
908 740 975 792 arte

195 853 337 895 novercae
1081 836 1142 895 765

118 933 278 1014 Occiderit,
291 938 472 1020 patriasque
488 935 622 1022 explerit
636 939 786 1022 sanguine
801 957 909 1022 poenas
1106 919 1113 932 ⁹

118 1037 257 1104 Turbatis
272 1039 439 1105 distractus
454 1041 551 1126 equis,
567 1041 607 1104 ad
623 1041 728 1104 sidera
744 1063 848 1106 rursus

117 1137 253 1206 AEtheria
268 1156 299 1207 et
313 1163 442 1229 superas
457 1142 530 1206 coeli
546 1147 668 1208 venisse
684 1146 742 1208 sub
758 1167 858 1225 auras,

120 1242 239 1308 Paeoniis
254 1257 435 1310 revocatum
451 1246 557 1310 herbis
572 1259 603 1310 et
618 1270 723 1312 amore
739 1247 864 1312 Dianae.

117 1343 190 1410 Tum
205 1362 295 1431 pater
308 1348 512 1432 omnipotens,
527 1349 662 1434 aliquem
678 1349 854 1436 indignatus
870 1349 911 1414 ab
925 1351 1045 1416 umbris
1083 1359 1144 1416 770

118 1447 274 1514 Mortalem
290 1451 417 1516 infernis
433 1451 473 1516 ad
490 1452 604 1516 lumina
619 1475 745 1539 surgere
763 1457 846 1534 vitae,

118 1551 179 1635 ipse
192 1567 385 1640 repertorem
400 1554 563 1618 medicinae
580 1556 650 1620 tuiis
665 1570 696 1621 et
711 1559 786 1620 artis

117 1655 247 1722 Fulmine
264 1657 488 1744 Phoebigenam
504 1659 628 1744 Stygias
642 1659 772 1724 detrusit
787 1659 828 1723 ad
843 1661 954 1726 undas.

117 1761 153 1823 At
166 1761 272 1826 Trivia
289 1759 500 1848 Hippolytum
515 1768 644 1828 secretis
659 1764 740 1828 alma
756 1765 895 1829 recondit

116 1861 251 1944 Sedibus,
267 1877 299 1928 et
313 1864 462 1950 nympha
479 1866 601 1951 Egeriae
617 1869 798 1951 nemorique
814 1865 950 1952 relegat3

116 1963 197 2028 Solus
210 1967 265 2029 ubi
282 1967 315 2029 in
330 1965 416 2029 silvis
433 1965 516 2030 Italis
532 1966 676 2054 ignobilis
690 1989 791 2031 aevum

115 2064 266 2154 Exigeret,
283 2089 437 2152 versoque
452 2069 505 2133 ubi
520 2071 642 2134 nomine
659 2071 790 2134 Virbius
805 2085 898 2136 esset.

115 2168 197 2235 Unde
213 2177 311 2237 etiam
327 2171 442 2257 templo
456 2173 485 2235 T
487 2173 573 2237 riviae
588 2173 727 2259 lucisque
742 2180 873 2240 sacratis
939 2217 945 2234 .

114 2273 305 2362 Cornipedes
320 2291 465 2340 arcentur
480 2279 563 2362 equi,
578 2275 661 2361 quod
677 2277 777 2343 littore
791 2300 916 2343 currum

113 2375 150 2440 Et
159 2379 306 2464 juvenem
321 2383 466 2443 monstris
482 2379 590 2465 pavidi
605 2379 744 2445 effudere
759 2381 896 2445 marinis.

114 2475 201 2544 Pilius
214 2482 363 2548 ardentes
378 2480 462 2545 haud
478 2479 579 2544 secius
594 2501 720 2565 aequore
735 2485 839 2566 campi

114 2579 286 2650 Exercebat
303 2606 409 2669 equos,
423 2605 580 2669 curruque
596 2585 626 2647 in
640 2583 726 2648 bella
741 2585 864 2651 ruebat.

149 2685 215 2771 lpse
230 2692 315 2752 iuter
329 2687 444 2773 primos
459 2689 618 2772 prestanti
633 2707 766 2770 corpore
782 2685 906 2750 Turnus

113 2786 257 2872 Vertitur,
273 2812 363 2855 arma
378 2802 496 2869 tenens,
510 2801 540 2853 et
556 2801 619 2852 toto
633 2788 750 2852 vertice
765 2787 857 2874 suprit
873 2802 930 2852 est.

110 2889 164 2956 Cui
177 2896 293 2981 tripiici
305 2894 421 2958 ‘crinita
430 2893 509 2982 jobd
524 2893 614 2980 galea
629 2891 691 2957 alta
706 2891 896 2957 Chimaeram

110 2992 247 3077 Sustinet,
263 2996 403 3061 AEtnaeos
418 2993 570 3060 efflantem
584 2993 725 3059 saucibus
740 2998 844 3080 ignes:

109 3094 183 3163 Tam
197 3103 299 3186 magis
316 3098 370 3163 itta
385 3100 521 3162 fremens
535 3110 566 3161 et
580 3097 718 3161 tristibus
734 3095 829 3161 effera
845 3096 984 3176 flammis,

109 3197 202 3280 Quam
218 3203 322 3286 magis
337 3199 435 3264 effuso
449 3199 636 3263 crudescunt
650 3201 797 3284 sanguiue
812 3219 935 3284 pugnae.

108 3302 145 3364 At
157 3302 260 3368 levem
274 3303 426 3389 elypeum
442 3301 570 3366 sublatis
584 3302 731 3365 cornibus
747 3301 780 3364 lo

107 3405 187 3470 Auro
201 3405 384 3493 insignibat,
394 3406 460 3492 jam
476 3405 549 3468 setis
564 3404 675 3482 obsita,
686 3405 751 3490 jam
768 3403 833 3484 bos,

109 3509 328 3594 Argumentum
343 3511 461 3594 ingens,
476 3519 507 3570 et
521 3496 623 3570 custos
638 3506 764 3591 virginis
779 3507 889 3592 Argus,
984 3545 991 3552 „

105 3609 288 3700 Caelatdque
303 3633 427 3677 amnem
442 3609 573 3676 fundens
587 3621 677 3695 pater
693 3607 826 3674 inachus
840 3611 928 3674 urnd.

107 3714 280 3803 Insequitur
295 3714 419 3781 nimbus
433 3714 582 3800 peditum,
597 3713 808 3800 clypeataque
824 3717 895 3777 totis
932 3721 936 3730 '

105 3819 236 3904 Agmina
250 3819 424 3884 densentur
437 3821 566 3902 eampis,
582 3820 762 3902 Argivaque
777 3816 888 3900 pubes,

105 3921 326 4006 Amuncaeque
340 3941 458 4002 manus,
474 3915 591 3999 Rutuli,
601 3932 786 4004 veteresque
802 3919 916 4000 Sicani,
959 3923 963 3932 '

106 4021 143 4086 m
155 4025 311 4090 Sacranae
327 4029 422 4106 acies,
437 4037 468 4088 et
482 4027 559 4110 picti
574 4036 661 4087 scuta
676 4021 810 4104 Labici3

105 4123 163 4208 Qui
178 4125 293 4207 saltus,
308 4125 469 4204 Tiberine,
484 4139 562 4205 tuos,
577 4145 763 4209 sacrumque
777 4125 901 4190 Numici

410 4235 450 4296 tt
