2890 5002
585 459 702 536 amat
721 463 757 523 ll.

163 614 311 686 Pradam
326 609 552 679 asservabant:
575 609 636 678 huc
650 611 789 700 rudique
803 613 902 682 Troia
915 637 997 705 gua

162 721 304 788 lucensis
319 727 431 804 erepta
444 715 560 802 adytis,
572 736 752 802 merumque
763 717 903 802 dmum,

157 817 587 909 crateresqueaurcsolidi,
602 820 900 907 captivaqueveuts
1149 833 1210 894 705

163 928 373 1016 congeritur:
396 924 487 1012 pueri
501 923 667 1012 etpavidae
681 924 774 1014 longo
786 925 898 994 ordine
912 939 1032 994 matres

166 1031 260 1097 Stant
273 1026 407 1094 cll'cliffl·
427 1035 447 1110 Ι

163 1137 270 1199 Ausus
284 1133 359 1219 quin
374 1131 468 1201 ιιιιιιι
482 1151 576 1198 voees
586 1132 711 1217 jactare
724 1152 783 1218 per
794 1133 950 1217 umbram,

166 1237 299 1323 Implevi
314 1235 453 1300 elamore
467 1239 535 1302 vias
536 1247 744 1322 mactusque
757 1235 914 1304 Creiisam

165 1337 414 1424 Nequidquam
405 1341 598 1424 ingeminans
613 1339 785 1424 iterumque
800 1339 973 1427 iterumque
987 1344 1110 1410 vocavi.
1149 1351 1210 1448 770

165 1441 329 1523 Quaerenti
342 1453 374 1504 et
388 1442 479 1503 tectis
493 1439 618 1504 urbis'
594 1459 661 1503 stne
675 1439 735 1503 line
750 1441 864 1505 liuenti

166 1541 284 1606 Infelix
294 1541 491 1606 simulacrum
506 1553 600 1626 atque
617 1532 713 1626 ipsius
728 1541 840 1606 umbra
855 1541 984 1610 Creusae

166 1645 249 1711 Visa
263 1645 342 1710 mihi
356 1658 429 1710 ante
443 1644 560 1725 oculos,
574 1657 605 1709 et
619 1643 692 1710 notd
707 1646 807 1730 major
822 1648 936 1732 imago.

166 1748 334 1834 Obstupui,
348 1761 561 1832 steteruntque
576 1767 684 1826 comre,
699 1759 731 1810 et
745 1767 808 1811 vox
823 1748 968 1814 saucibus
983 1749 1082 1818 hesit.

164 1849 250 1916 'llum
264 1854 311 1914 sic
328 1847 427 1929 affari,
441 1861 473 1912 et
487 1869 583 1913 curas
597 1847 647 1912 his
661 1847 789 1912 demere
804 1848 911 1914 dictis:
1150 1861 1209 1918 775

165 1952 252 2037 Quid
267 1950 386 2018 tanaim
400 1953 510 2017 insano
519 1953 610 2038 juvat
624 1950 784 2038 indulgere
799 1951 909 2035 dolori,

166 2055 198 2120 Ο
212 2054 314 2120 dulcis
328 2055 467 2141 cunjuxl
487 2075 550 2118 non
565 2051 634 2118 haec
649 2055 715 2118 sine
730 2056 853 2120 numine
867 2056 974 2123 dirim

166 2157 343 2222 Eveniunt:
367 2177 425 2220 nee
440 2168 472 2220 te
486 2155 559 2220 hinc
575 2156 719 2221 comitem
733 2170 895 2242 asportare
910 2159 1064 2228 Creusam
1088 2153 1092 2158 ’

169 2259 242 2340 Fas,
255 2273 309 2324 aut
323 2257 378 2322 ille
392 2259 463 2322 sinit
477 2257 582 2343 superi
596 2271 743 2344 regnator
757 2259 898 2346 Olympi.

166 2360 277 2448 lunga
291 2361 351 2424 tibi
366 2358 487 2438 exsilia,
502 2373 533 2423 et
547 2373 669 2424 vastum
683 2361 778 2426 maris
792 2383 900 2446 aequor
914 2363 1086 2431 arandum:
1149 2373 1209 2430 780

169 2462 213 2526 Εῑ
226 2475 342 2526 terram
357 2461 548 2546 Hesperiam
562 2463 680 2541 venies,
694 2462 749 2524 ubi
766 2461 899 2546 Lydius,
914 2485 1004 2529 arva

169 2564 257 2631 Inter
270 2565 373 2650 opima
385 2563 499 2642 vir-dm,
512 2562 575 2627 leni
590 2561 658 2626 fluit
672 2565 795 2648 agmine
810 2564 942 2650 Tybris.

170 2666 240 2733 lllic
255 2689 308 2732 res
322 2667 399 2732 laetoe
400 2633 625 2754 ,regnuque‚
640 2678 672 2730 et
685 2666 772 2751 regia
785 2668 902 2753 conjux

170 2771 269 2836 Parta
283 2771 358 2835 tibi·
381 2771 541 2858 lacrymas
555 2768 680 2834 dilecta
694 2768 779 2854 pelle
794 2769 935 2835 Creusae.

167 2873 243 2941 Non
256 2897 316 2961 ego
331 2874 567 2961 Myrmidonum
581 2871 673 2938 sedes
686 2871 885 2959 Dolopumve
899 2875 1051 2961 superbas
1151 2884 1210 2942 785

167 2980 365 3066 Adspiciam,
375 2994 427 3045 aut
439 2981 543 3045 Graiis
558 2980 704 3045 servitum
719 2979 870 3046 matribus
884 2981 947 3064 ibo,
1289 2975 1291 2980 ’

166 3082 343 3165 Dardanis,
358 3097 388 3147 et
401 3081 484 3147 divae
498 3083 634 3148 Veneris
648 3103 762 3147 nurus:

166 3183 237 3251 Sed
251 3207 301 3250 me
316 3205 428 3272 magna
443 3185 537 3251 detlm
550 3185 692 3273 genetrix
707 3183 756 3250 his
767 3183 884 3251 detinet
897 3187 970 3252 oris.

165 3291 305 3376 Jamque
319 3291 401 3372 vale,
416 3305 447 3355 et
462 3291 526 3355 nati
539 3311 632 3354 serva
646 3291 816 3355 communis
831 3311 980 3358 amorem.

165 3391 256 3460 Haec
269 3394 323 3457 ubi
337 3393 424 3458 dicta
438 3391 534 3474 dedit,
549 3391 775 3478 lacrymantem
789 3405 821 3458 et
834 3393 931 3458 multa
944 3395 1097 3463 volentem
1150 3405 1211 3464 790
1231 3395 1236 3411 ’

163 3495 290 3562 Dicere
304 3495 440 3561 deseruit
441 3509 633 3582 ,tenuesque
647 3495 775 3560 recessit
790 3495 821 3560 in
835 3515 938 3583 auras.

162 3597 238 3665 Ter
250 3611 379 3664 conatus
394 3600 439 3664 ibi
453 3599 536 3664 collo
549 3599 627 3664 dare
640 3599 816 3664 brachia'
787 3619 924 3681 cucum;
1041 3639 1045 3648 ·

163 3701 239 3768 Ter
252 3701 366 3768 sumna
376 3723 563 3788 comprensa
576 3723 686 3767 manus
700 3701 827 3788 effugit
816 3722 930 3789 imago,

161 3805 370 3872 Parietibus
383 3807 493 3887 ventis,
508 3805 690 3892 volucrique
704 3803 858 3870 simillima
873 3825 990 3870 somna

160 3909 225 3976 Sic
240 3907 365 3974 demum
379 3911 490 3991 socios,
503 3909 686 3996 consumpta
700 3920 801 3988 nocte,
815 3908 928 3973 reviso.
1150 3917 1209 3975 795

209 4013 319 4097 Atque
334 4013 387 4078 htc
401 4015 557 4101 ingentem
570 4013 717 4078 comitum
731 4008 886 4076 affluxisse
900 4033 1049 4078 novorum

159 4115 302 4184 Invenio
316 4115 471 4186 admirans
485 4139 665 4196 numerum
685 4127 872 4200 matresque,
886 4115 1040 4201 virosque,
