2928 5002
615 389 899 455 GEORGICORUM

270 547 334 628 Siu,
351 549 405 612 lras
420 569 457 611 ne
470 547 582 632 possim
598 561 710 612 nature
726 549 877 612 accedere
894 561 1005 631 partes,

269 652 410 737 Frigidus
425 651 572 716 obstiterit
587 653 702 716 circum
718 652 883 738 precordia
899 652 1043 735 sauguis3

269 757 356 822 Rura
371 757 443 822 mibi
459 774 489 822 et
505 757 580 842 rigui
597 757 737 842 placeant
751 760 781 820 in
797 756 924 821 vallibus
940 777 1067 835 amnes;
1225 759 1289 818 485

269 861 411 927 Flumina
422 885 521 926 antem
539 863 689 946 silvasque
705 863 859 946 inglorius.
882 861 912 925 Ο
929 861 978 924 ubi
994 861 1107 944 campi,

270 969 516 1053 Spercheosque,
532 984 563 1033 et
579 967 740 1052 virginibus
755 968 902 1032 bacobata
919 965 1058 1031 Lacaeuis

267 1071 432 1158 Taygeta!
455 1073 541 1158 oqui
558 1095 608 1138 ure
624 1073 733 1158 gelidis
749 1074 778 1137 iu
795 1073 923 1137 vallibus
940 1072 1041 1136 Haemi

271 1178 374 1258 Sistat,
390 1193 421 1244 et
436 1181 547 1264 ingenti
563 1201 716 1242 rumorum
732 1192 869 1263 protegat
885 1177 1013 1264 urpbrb!

312 1283 404 1348 Felix
420 1285 470 1368 qui
487 1282 581 1368 potuit
597 1303 697 1344 rerum
712 1303 899 1366 cognoscere
914 1304 1034 1362 causae,
1227 1287 1292 1346 490

269 1390 371 1473 Atque
388 1402 487 1450 metus
502 1409 608 1451 ornnes
625 1400 656 1449 et
671 1386 857 1450 inexorabile
874 1385 967 1450 satum
1105 1379 1108 1386 ’

271 1493 408 1580 Subjeeit
424 1492 561 1578 pedibus,
574 1493 791 1576 strepitumque
807 1488 990 1558 Acherontis
1002 1495 1105 1558 avari!

269 1595 453 1661 Fortunatus
468 1610 499 1658 et
514 1593 563 1658 ille
579 1597 654 1660 deos
670 1595 720 1680 qui
736 1597 817 1660 novit
833 1611 978 1681 agrestes,

270 1699 429 1786 Panaque,
447 1698 663 1784 Silvanumque
679 1721 796 1778 senem,
813 1701 1036 1786 Nymphasque
1052 1704 1191 1766 sorores!

271 1805 361 1870 lllum
378 1823 437 1868 non
454 1803 556 1890 populi
573 1803 682 1881 fasces,
698 1825 758 1866 non
773 1826 906 1889 purpura
917 1826 1023 1889 regum
1230 1807 1294 1870 495

271 1907 386 1986 Fient,
402 1923 432 1971 et
448 1909 556 1971 infidos
572 1908 687 1991 agitans
702 1909 854 1982 discordia
870 1908 986 1988 iratres,

269 2015 332 2077 Aut
348 2012 504 2097 conjurato
519 2012 710 2076 descendens
726 2011 832 2082 Dacus
848 2013 886 2076 ab
900 2013 978 2078 lstro
987 2037 999 2093 3
1065 2069 1068 2076 .

269 2117 341 2182 Non
358 2138 406 2181 res
422 2117 582 2191 Romane,
599 2116 790 2200 perituraque
806 2138 922 2200 regua:
944 2139 1045 2202 neque
1061 2120 1113 2182 ille

269 2224 333 2290 Aut
348 2223 442 2286 doluit
458 2223 604 2288 miserans
617 2221 751 2306 inopem,
767 2239 818 2286 aut
832 2223 937 2287 invidit
952 2224 1085 2288 habenti.

235 2305 248 2324 ⁸
270 2327 359 2402 Quos
374 2326 450 2390 rami
467 2325 591 2402 fructus,
607 2346 682 2410 quos
698 2326 762 2410 ipsa
777 2326 907 2392 volentia
923 2349 993 2392 rura
1158 2411 1161 2416 Ι
1229 2333 1295 2394 500

271 2431 387 2516 Sponte
403 2427 500 2494 tulere
517 2427 582 2506 sub,
598 2430 732 2512 carpsit:
755 2451 813 2494 nec
823 2429 929 2522 ,ferrea
939 2431 1020 2516 jura,

269 2536 473 2620 Insanumque
491 2533 601 2608 sorum,
617 2549 666 2597 aot
682 2534 785 2619 populi
801 2535 949 2610 tabularia
963 2537 1046 2601 vidit.

314 2641 484 2706 Sollicitunt
499 2639 547 2704 alii
564 2639 656 2702 remis
673 2639 747 2702 freta
764 2661 856 2718 caca,
875 2655 1022 2726 ruuntque

269 2747 305 2812 ln
320 2743 445 2822 sertum,
461 2759 620 2828 penetrant
632 2744 716 2806 aulas
732 2758 763 2806 et
778 2744 880 2808 linrina
895 2767 1023 2828 regum:

269 2849 333 2915 Hic
348 2850 423 2933 petit
439 2846 568 2908 excidiis
584 2846 690 2906 urbem
706 2847 893 2930 miserosque
910 2863 1046 2930 penates,
1230 2853 1294 2911 505

268 2951 313 3014 Ut
328 2945 451 3033 gemmis
464 2947 557 3022 bibat,
573 2961 605 3008 et
621 2945 753 3010 Sarrano
769 2949 929 3015 indorntiat
940 2967 1042 3016 ostro:

268 3055 383 3120 Condit
398 3073 473 3137 opes
487 3051 572 3128 alius,
589 3047 771 3136 defossoque
787 3052 910 3119 incubat
925 3077 1019 3118 auro:

267 3158 330 3224 Hic
346 3173 447 3243 stupet
462 3155 603 3220 attonitus
619 3157 744 3228 rostris:¹
766 3157 846 3222 lrunc
862 3159 985 3244 plausus
1000 3161 1134 3228 hiantem

222 3233 228 3263 ⁸
249 3237 332 3330 xPer
347 3283 462 3327 cuneos
477 3261 646 3346 geminatus
662 3243 742 3324 eumn
760 3263 917 3348 plebisque
932 3280 1113 3352 patrumque

268 3367 446 3452 Corripuit:
469 3366 603 3450 gaudent
618 3365 730 3450 perfusi
746 3369 891 3451 sanguine
904 3367 1040 3447 sratrurn,
1230 3363 1295 3434 51⁶⁰

269 3471 450 3556 Exsilioque
466 3473 574 3536 domos
590 3439 736 3535 eidulcli
752 3471 855 3535 lintina
870 3489 996 3552 mutant,

269 3578 372 3662 Atque
389 3577 447 3642 alio
462 3575 589 3658 patriam
607 3590 741 3658 quaerunt
756 3577 812 3641 sub
829 3579 892 3641 sole
903 3577 1071 3662 jacentem.

270 3684 413 3769 Agricola
429 3683 553 3744 incurvo
568 3695 680 3744 terram
697 3679 822 3745 dimovit
837 3698 958 3746 aratro:

268 3789 351 3854 Hinc
367 3787 436 3850 anni
452 3785 559 3865 labor;
581 3783 652 3848 hinc
666 3786 794 3868 patriam
812 3809 980 3871 parvosque
995 3804 1123 3874 nepotes

271 3894 428 3971 Sustinet;
451 3891 521 3956 hiso
537 3904 673 3954 armenta
688 3890 780 3954 boum
792 3893 977 3976 meritosque
989 3895 1148 3979 juvencos.
1233 3901 1296 3959 515

271 4001 340 4065 Neo
356 3996 477 4082 requies
493 3995 564 4080 quin
581 4009 633 4060 aut
647 3997 746 4080 pomis
761 3995 909 4060 exuberet
925 4019 1031 4076 annus,
