2648 5288
504 863 507 866 ,
541 805 658 867 LIBER
676 805 712 863 ll.

141 960 270 1028 Tmolus
284 973 317 1026 et
332 961 461 1044 assurgit
476 959 596 1044 quibus,
613 973 645 1023 et
658 979 715 1023 rex
730 959 796 1044 ipse
813 953 987 1038 Phaueus3

142 1068 316 1153 Argitisque
331 1068 441 1141 minor,
453 1067 502 1129 eui
513 1085 573 1129 nou
590 1065 752 1130 certaverit
766 1064 828 1128 ulla
956 1092 960 1098 ·

143 1175 203 1238 Aut
216 1171 335 1239 tautum
351 1170 460 1249 fluere,
475 1182 527 1233 aut
540 1169 669 1234 totidem
684 1168 866 1252 durare-per
881 1187 999 1231 anuos·
1110 1169 1174 1229 100

147 1277 214 1342 Nou
229 1299 290 1362 ego
306 1291 350 1355 te,
365 1273 414 1338 dis
429 1290 460 1338 et
474 1275 589 1339 mensis
604 1289 733 1358 accepte
747 1273 903 1350 secundis,

145 1380 345 1458 Transierim‚
362 1380 497 1456 Rhodia,
508 1396 540 1444 et
553 1380 689 1457 tumidis,
705 1381 855 1456 humuste,
871 1379 1013 1444 racemis.

148 1486 211 1550 Sed
226 1507 329 1572 neque
346 1484 437 1569 quim
455 1486 554 1549 multe
570 1485 701 1571 species,
718 1504 778 1547 nee
793 1484 915 1547 nomina
931 1503 997 1568 que
1013 1483 1084 1562 siut,

151 1590 209 1656 Est
223 1613 368 1655 uumerus
377 1612 388 1671 3
410 1612 511 1675 neque
527 1593 609 1655 enim
624 1612 753 1654 numero
768 1589 992 1674 comprendere
1007 1587 1122 1653 refert:

149 1695 250 1772 Quem
266 1698 318 1781 qui
333 1697 413 1761 seire
428 1695 511 1773 velit,
528 1692 639 1779 Libyci
655 1696 726 1759 velit
742 1695 870 1779 equoris
885 1695 968 1758 idem
1112 1696 1173 1755 105

149 1802 275 1867 Discere
292 1803 385 1888 quim
400 1803 502 1867 multe
518 1802 654 1887 zephyro
669 1801 826 1865 turbentur
841 1819 940 1864 arene
953 1823 964 1880 3
1022 1854 1025 1859 ,

147 1907 285 1984 Autobi
299 1909 429 1992 navigiis
443 1908 602 1972 violentior
617 1907 722 1973 incidit
735 1927 840 1986 eurus,

148 2012 249 2079 Nbsse
265 2027 341 2098 quot
355 2014 431 2079 lonii
446 2016 621 2087 renisuted
637 2015 734 2079 littora
747 2015 867 2081 fluetus.

190 2119 259 2183 Nec
277 2118 353 2182 vero
368 2134 454 2183 terre
469 2119 550 2184 ferre
565 2142 673 2185 omnes
687 2122 788 2185 omnia
804 2135 948 2203 possunt:

148 2220 342 2287 Fluminibus
356 2224 477 2303 salices,
493 2224 663 2308 crassisque
681 2223 841 2310 paludibus
857 2225 926 2304 alni,

148 2327 335 2405 Nascuntur,
350 2325 471 2394 steriles
483 2330 601 2394 saxosis
614 2330 767 2395 montibus
781 2331 846 2394 orni
859 2352 869 2409 ;

151 2431 267 2496 Boura
282 2433 422 2516 myrtetis
436 2434 588 2498 letissima
602 2454 613 2514 ς
635 2434 766 2520 denique
782 2445 904 2519 apertos

150 2533 295 2602 Bacchus
311 2555 393 2602 amet
407 2539 513 2617 eolles,
530 2540 702 2624 aquilonem
717 2554 749 2605 et
764 2539 874 2626 frigora
889 2542 964 2605 taxi.

193 2643 331 2728 Adspice
346 2658 379 2706 et
393 2643 540 2708 extremis
554 2645 701 2709 domitum
717 2646 883 2711 cultoribus
897 2645 1014 2726 orbem,

151 2743 294 2832 ansque
309 2749 420 2811 dumus
435 2748 582 2826 Arabum,
598 2751 756 2833 pictosque
774 2750 920 2815 Gelonos.

153 2849 262 2914 Dirisae
278 2852 437 2914 arboribus
453 2853 576 2937 patrie:
600 2853 664 2915 sola
675 2850 762 2914 India
776 2853 894 2934 nigrum

159 2954 232 3018 Fert
245 2957 377 3020 ebenum
391 2978 401 3034 ;
424 2956 495 3020 solis
510 2971 557 3020 est
573 2957 682 3021 thurea
697 2958 781 3040 virga
798 2955 923 3019 Sabeis.

154 3056 236 3134 Quid
252 3063 303 3125 tibi
319 3062 447 3126 odorato
462 3061 592 3125 referam
609 3061 746 3126 sudantia
762 3061 844 3144 ligno

153 3165 370 3253 Balsamaque,
387 3181 418 3230 et
432 3168 543 3231 baccas
559 3188 682 3252 semper
697 3167 864 3232 frondentis
881 3166 1027 3232 acanthi?

154 3271 240 3346 Quid
257 3292 383 3336 nemora
397 3272 576 3358 AEthiopum
592 3273 674 3337 mulli
690 3273 831 3337 canentis
845 3270 939 3336 lauit?

152 3375 338 3462 velleraque
355 3392 387 3441 ut
402 3375 480 3441 foliis
494 3379 659 3462 depectant
674 3380 775 3442 tenuia
792 3377 912 3443 Seres?

156 3484 222 3547 Aut
236 3504 313 3568 quos
326 3502 446 3546 ooeano
463 3483 584 3567 propior
600 3483 677 3566 gerit
691 3482 777 3546 ludia
793 3482 889 3560 lucos,

152 3586 297 3653 Extrerrri
313 3591 396 3653 sinus
411 3590 515 3669 urbis3
538 3589 588 3652 ubi
605 3589 676 3652 adra
691 3589 814 3654 vincere
831 3609 983 3653 summum

154 3700 284 3765 Arboris
297 3700 379 3764 haud
395 3700 464 3763 ulle
473 3700 558 3787 jactu
574 3700 701 3783 potuere
717 3697 854 3783 sagitte?

154 3803 201 3869 Et
215 3826 290 3889 gens
304 3805 355 3870 illa
370 3806 494 3891 quidem
510 3805 637 3891 sumptis
652 3828 711 3869 non
726 3805 813 3869 tarda
828 3805 987 3888 pharetris.

157 3911 265 3977 Media
281 3911 341 3975 lert
354 3913 455 3976 tristes
470 3931 580 3974 succos
593 3912 774 3994 tardumque
790 3931 930 3996 saporem

156 4015 274 4081 Felicis
288 4016 371 4094 meli,
387 4037 448 4101 quo
461 4039 520 4080 non
537 4018 712 4102 presentius
729 4015 833 4094 ullum,

159 4119 279 4185 Pocula
289 4123 314 4185 si
331 4123 454 4206 quando
469 4140 551 4186 seve
568 4118 703 4185 infecere
719 4141 867 4198 neaerae,

159 4223 430 4311 [Miscueruutque
446 4227 556 4291 herbas
572 4240 604 4290 et
619 4248 678 4290 non
693 4226 817 4291 innoxia
831 4222 953 4311 verba]

159 4329 317 4395 Auxilium
332 4333 425 4409 venit,
441 4353 478 4396 ao
493 4332 638 4396 membris
654 4333 714 4415 agit
730 4345 794 4396 atra
808 4350 937 4394 venena.
1125 4335 1186 4394 130

156 4434 232 4522 lpea
245 4438 352 4520 ingens
367 4437 467 4516 arbos,
483 4435 655 4521 faciemque
671 4434 822 4498 simillima
836 4432 942 4514 laur03

157 4540 216 4620 Et,
231 4543 332 4608 sinon
347 4543 440 4609 aliurn
456 4541 516 4608 late
528 4543 662 4629 jactaret
675 4540 814 4615 odorem,
