2928 5002
152 2624 160 2681 i

634 409 750 471 LIBER
769 407 803 482 [i.

219 562 382 639 Quauthm
398 560 441 624 illi
457 558 592 626 nocuere
609 581 728 646 greges,
744 560 873 642 durique
888 579 1040 624 vencnum

218 669 343 744 Dentis,
359 682 391 731 et
408 669 551 731 admorso
566 667 680 748 signata
695 666 726 730 iu
742 665 833 748 stirpe
849 664 987 728 cicatrix.

268 773 339 838 Non
356 773 447 836 aliam
463 772 502 836 ob
519 770 640 854 culpam
656 768 784 833 Baccho
800 790 893 852 caper
907 769 1048 832 omnibus
1062 768 1121 832 aris
1189 771 1253 831 380

219 878 370 956 Ceditur,
388 891 420 940 et
435 889 556 942 veteres
572 877 676 939 ineunt
690 875 852 959 proscenia
866 874 927 938 iudi
942 897 952 954 ς

221 983 417 1066 Praemiaque
430 981 568 1064 ingeniis,
580 1001 676 1065 pagos
691 994 723 1043 et
738 981 871 1064 compita
885 980 1012 1055 circum,

220 1087 369 1154 Thesidae
384 1085 526 1172 posuere,
544 1102 635 1170 atque
650 1086 729 1149 inter
745 1085 854 1170 pocula
870 1086 928 1149 lati

225 1193 372 1258 Mollibus
387 1195 416 1257 in
430 1195 524 1278 pratia
540 1206 648 1256 unctos
663 1191 783 1256 salubre
800 1212 855 1276 per
870 1205 964 1256 utres.

187 1297 301 1429 &Nec
316 1317 374 1360 nou
389 1297 528 1373 Ausonii,
544 1293 643 1382 Trojh
657 1317 732 1381 gens
748 1297 849 1374 missa,
866 1297 966 1360 coloni
1193 1299 1256 1358 385

229 1401 375 1468 Versibus
390 1403 551 1489 incomptis
566 1403 684 1480 ludunt,
699 1403 820 1487 risuque
837 1403 945 1480 soluto,

227 1507 352 1594 Oraque
368 1508 532 1572 corticibus
547 1523 669 1572 sumunt
684 1507 834 1572 horrende
849 1508 964 1573 cavatis
979 1531 987 1570 ε

227 1613 271 1677 Εῑ
285 1629 329 1691 te,
345 1609 486 1691 Bacche,
501 1629 612 1677 vocent
626 1634 683 1698 per
698 1613 834 1678 carmina
848 1614 925 1690 lata,
941 1613 1054 1696 tibique

228 1719 348 1784 Osciila
362 1740 405 1784 ex
421 1717 482 1781 aith
496 1719 684 1804 suspendunt
698 1719 799 1784 mollia
814 1719 898 1803 pinu.

228 1823 313 1889 Hinc
328 1826 428 1889 omnis
444 1826 528 1908 largo
543 1825 683 1910 pubescit
697 1827 786 1888 vinea
803 1825 904 1904 soetur
1192 1829 1257 1890 390

227 1929 432 2016 Compientur
448 1932 601 2016 vallesque
618 1951 710 2009 cava,
727 1933 880 2016 scitusque
896 1930 1048 2018 profundi,

229 2035 273 2100 Et
287 2036 483 2123 qudcumque
499 2039 575 2101 deus
589 2035 705 2101 circhm
721 2050 815 2123 caput
830 2039 891 2121 cgit
906 2038 1081 2102 honestum.

229 2138 315 2223 Ergo
331 2141 387 2205 rire
403 2163 491 2206 suum
509 2141 636 2207 Baccho
651 2141 789 2206 dicemus
804 2143 949 2206 honorem

228 2244 425 2310 Carminibus
441 2247 553 2330 patriis,
570 2247 735 2332 lancesque
752 2261 783 2310 et
797 2247 858 2310 liba
874 2246 1029 2326 feremus;
1089 2309 1092 2316 ,

228 2349 273 2416 Et
288 2353 399 2417 ductus
413 2374 506 2417 cornu
523 2354 612 2418 stabit
627 2375 715 2419 sacer
731 2337 832 2417 hircus
849 2354 886 2418 ad
903 2376 998 2432 aram,
1195 2356 1257 2417 395

231 2456 422 2543 Pinguiaque
438 2460 468 2524 in
485 2459 617 2523 verubus
633 2459 814 2522 torrebimus
829 2471 902 2522 exta
917 2459 1059 2523 columis.

280 2559 339 2628 Est
353 2566 441 2628 etiam
457 2565 508 2629 ille
524 2564 609 2628 labor
623 2565 766 2629 curandis
781 2565 890 2628 vitibus
905 2564 991 2644 alter,

154 2758 156 2767 Ι
218 2663 295 2770 gui
311 2691 463 2755 nunquam
479 2671 618 2734 exhausti
634 2671 706 2734 satis
722 2685 785 2747 est3
808 2693 940 2755 namque
956 2693 1047 2736 omne
1064 2660 1222 2757 quotannis

230 2773 358 2859 Terque
375 2789 542 2861 quaterque
559 2777 656 2842 solum
673 2731 886 2856 scind'ehdurn,
902 2777 1183 2884 glebaquexversisl

229 2878 393 2944 AEternhm
409 2879 577 2965 frangenda
591 2882 776 2960 bidentibus,
792 2903 882 2946 omne
898 2883 1062 2948 levandum
1194 2884 1259 2945 400
1346 2898 1347 2910 ¹

232 2981 357 3048 Fronde
373 3006 482 3050 nemus
497 3007 516 3058 z,
527 2984 606 3050 redit
618 2985 758 3070 agricolis
773 2986 858 3050 labor
870 3002 956 3052 actus
972 2988 1000 3050 in
1016 2986 1134 3064 orbem,

231 3087 335 3173 Atque
351 3090 380 3152 in
397 3111 431 3152 se
448 3111 500 3154 sua
515 3077 713 3174 per'vestigia
728 3091 855 3154 volvitur
871 3113 978 3154 annus.

275 3193 325 3257 Ac
336 3195 404 3280 jam
419 3195 491 3257 olim
507 3215 591 3259 seras
606 3198 707 3279 posuit
722 3215 816 3279 quum
832 3196 921 3260 vinea
937 3178 1069 3272 irondes,

230 3295 377 3382 Frigidus
392 3313 423 3362 et
439 3295 519 3363 'silvis
534 3299 635 3382 aquilo
652 3299 786 3363 decussit
800 3301 945 3364 honorem
959 3322 969 3379 ς

228 3401 304 3466 Jam
321 3417 383 3465 tum
400 3423 472 3467 acer
487 3423 577 3468 curas
591 3403 764 3467 venientem
781 3403 919 3466 extendit
933 3403 963 3467 in
979 3423 1091 3468 annum
1195 3409 1259 3468 405

232 3505 392 3584 Rusticus,
409 3520 441 3570 st
454 3514 548 3572 cuive
564 3508 685 3572 Saturni
703 3509 793 3571 dente
809 3506 946 3571 relictam

229 3609 433 3696 Persequitur
447 3612 539 3676 vitem
556 3614 726 3690 attondens,
743 3611 886 3697 fingitque
902 3611 1047 3697 putando.

232 3714 357 3780 Primus
371 3718 498 3782 burum
514 3717 620 3796 fodito,
636 3720 751 3804 primus
767 3721 897 3783 devecta
912 3733 1049 3783 cremato

233 3822 408 3900 Sarmenta,
425 3836 455 3886 et
470 3823 565 3888 salios
579 3826 695 3909 primus
711 3825 767 3888 sub
778 3838 861 3888 tecte
876 3821 1010 3886 referto:

229 3927 414 3994 Postremus
428 3929 543 3996 metito.
569 3929 624 3995 Bis
638 3931 748 3994 vitibus
763 3930 873 4013 ingruit
884 3927 1008 4007 umbra3
1196 3932 1260 3989 410

229 4033 290 4099 Bis
305 4049 441 4120 segetem
458 4037 560 4101 densis
571 4037 728 4100 obducunt
742 4036 876 4099 sentibus
888 4033 1010 4098 herbe:

228 4137 340 4204 Durus
356 4153 483 4222 uterque
499 4142 594 4205 labor.
640 4140 781 4212 Laudato
797 4141 929 4224 ingentia
941 4161 1032 4222 rura3
