2772 4998
234 488 292 543 282
681 479 870 542 AENEIDOS

282 631 427 702 Arcadas
442 633 513 698 huic
528 637 648 719 equites
663 633 712 698 bis
727 647 860 712 centum,
874 633 990 699 robora
1003 634 1097 720 pubis

283 739 393 818 Lecta,
407 736 511 816 dabo,
533 735 723 822 totidemque
738 760 793 802 suo
808 738 865 801 tibi
880 737 1003 803 nomine
1019 731 1166 838 Pallasq(
1183 733 1204 795 κ’
1236 821 1244 828 .

327 841 392 906 Vix
409 862 446 904 ea
462 839 543 905 satus
559 852 636 918 erat,
650 839 808 925 defixique
822 859 879 904 ora
895 841 1042 906 tenebant
1237 837 1281 898 52⁰

282 939 401 1007 AEneas
415 939 623 1006 Anchisiades
637 955 668 1004 et
684 939 761 1006 fidus
776 941 924 1036 Achates,

283 1045 444 1130 Multaque
459 1044 538 1108 dura
553 1066 608 1108 suo
623 1043 701 1108 tristi
714 1066 784 1108 cum
799 1043 896 1110 corde
910 1046 1082 1131 putabant3

281 1146 324 1210 Ni
339 1150 458 1240 signum
471 1145 552 1210 coelo
567 1144 730 1231 Cytherea
744 1145 882 1210 dedisset
896 1161 1015 1232 aperto.

246 1309 250 1318 ,
282 1244 425 1332 Namque
441 1245 608 1333 improviso
622 1247 760 1312 vibratus
774 1248 815 1312 ab
830 1248 948 1312 aethere
962 1249 1065 1336 l'ulgm·

283 1351 364 1440 Cum
378 1351 477 1414 sonitu
492 1351 583 1430 venit,
598 1362 629 1413 et
643 1371 733 1415 ruere
748 1351 851 1415 omnia
865 1352 932 1415 visa
947 1355 1086 1438 repente,
1237 1353 1281 1412 tit

283 1453 529 1538 Tyrrhenusque
544 1452 626 1516 tubae
640 1453 757 1538 mugire
771 1475 828 1538 per
842 1453 960 1518 aethera
975 1453 1114 1543 clangor.
1152 1477 1156 1482 ·

283 1555 479 1641 Suspiciunt:
502 1557 613 1620 iterum
626 1568 719 1640 atque
734 1557 843 1621 iterum
858 1557 963 1644 fragor
977 1559 1117 1646 increpat
1130 1563 1235 1646 ingens·

281 1659 379 1723 Arma
393 1662 474 1722 inter
488 1658 612 1737 nubem,
626 1657 697 1722 coeli
713 1659 744 1722 in
759 1662 885 1746 regione
900 1659 1021 1741 serena,

281 1759 342 1824 Per
355 1759 465 1824 sudum
480 1761 607 1824 rutilare
622 1759 739 1839 vident,
754 1773 785 1824 et
798 1760 888 1845 pulsa
903 1773 1022 1826 tonare.

280 1861 479 1948 Obstupuere
494 1862 602 1927 animis
618 1862 687 1942 alii3
709 1863 765 1928 sed
779 1863 893 1928 Troius
909 1864 1002 1929 heros
1237 1862 1285 1922 ⁵⁸⁰

205 2013 216 2026 .
278 1966 415 2051 Agnovit
429 1969 571 2044 sonitum,
586 1979 616 2030 et
630 1965 711 2029 divae
726 1967 877 2052 promissa
892 1970 1040 2052 parentis.

279 2065 361 2130 Tum
376 2082 542 2132 memorat:
566 2067 613 2132 Ne
628 2067 714 2148 verti,
729 2067 852 2153 hospes,
866 2091 906 2132 ne
921 2089 1026 2153 qurare
1043 2065 1181 2154 profecto

278 2169 379 2250 Quem
393 2192 500 2235 casum
515 2183 657 2256 portenta
673 2172 789 2236 lerant:
813 2191 871 2254 ego
885 2192 999 2256 poscor
1013 2170 1159 2257 Olympo.

278 2273 353 2338 Hoc
368 2277 487 2358 signnm
501 2274 615 2338 cecinit
629 2275 790 2337 missuram
806 2272 880 2338 diva
894 2275 1041 2353 creatrix,

278 2375 311 2438 Si
326 2373 443 2439 bellum
458 2375 622 2460 ingrueret,
638 2373 856 2459 Vulcaniaque
872 2395 960 2438 arma
973 2395 1031 2460 per
1045 2394 1138 2438 auras
1237 2375 1286 2434 ⁵35

278 2475 429 2542 Latnram
444 2477 569 2542 auxilio.
635 2505 637 2510 ’

276 2579 371 2644 Heu!
394 2593 516 2664 quante
531 2581 652 2645 miseris
667 2581 770 2645 caedes
781 2580 991 2646 'Laurentibus
1006 2580 1134 2644 instant!

275 2681 363 2762 Quas
377 2705 485 2768 poenas
499 2683 585 2764 mihi,
600 2683 716 2764 Turne,
731 2684 840 2748 dabis!
857 2683 955 2766 quam
970 2681 1066 2746 multa
1080 2682 1140 2746 sub
1153 2679 1248 2746 mdo

276 2786 372 2878 Scuta
385 2787 486 2850 virum
499 2785 665 2874 galeasque
681 2802 711 2851 et
726 2787 818 2851 sortia
832 2805 967 2870 corpora
981 2782 1098 2864 volves,

275 2887 378 2973 Tybri
394 2889 502 2973 pater!
526 2889 658 2952 Poscant
672 2892 767 2968 acies,
782 2901 813 2952 et
827 2887 949 2952 foedera
962 2899 1118 2972 rumpant.
1239 2890 1289 2949 540

318 2989 399 3052 Haec
413 2987 468 3051 ubi
483 2982 568 3051 dicta
583 2987 679 3069 dedit,
693 2989 771 3052 solio
786 3011 818 3053 se
834 2988 912 3053 tollit
926 2989 969 3052 ab
984 2987 1065 3066 alto;

273 3091 313 3154 Et
327 3086 459 3175 primirm
475 3088 643 3154 Herculeis
653 3091 912 3194 sopitaqignibus
928 3111 1000 3155 aras

273 3193 415 3272 Excitat3
438 3187 677 3290 hesternumque
692 3193 818 3274 Larem,
829 3215 1006 3280 parvosque
1021 3193 1163 3272 Penates,

272 3293 377 3359 Laetus
392 3293 477 3358 adit:
500 3305 636 3392 mactant
650 3293 747 3358 lectas
762 3293 802 3358 de
818 3317 904 3360 more
918 3293 1070 3374 bidentes,

271 3396 436 3462 Evandrus
451 3393 580 3483 pariter,
593 3396 711 3482 pariter
726 3397 864 3484 Trojana
877 3399 1034 3484 juventus.

271 3499 345 3563 Post
359 3498 432 3564 hinc
447 3497 487 3564 ad
503 3517 597 3562 naves
611 3497 762 3586 graditur,
778 3500 940 3583 sociosque
956 3498 1080 3562 revisit:

269 3601 409 3683 Quorum
423 3601 463 3666 de
478 3623 616 3680 numero,
630 3601 682 3686 qui
697 3623 766 3666 sese
781 3601 811 3666 in
825 3600 910 3665 bella
925 3613 1103 3684 sequantur,

269 3705 455 3769 Praestantes
471 3707 584 3768 virtute
600 3703 693 3789 legit3
715 3697 789 3789 pars
804 3715 920 3768 caetera
934 3701 1033 3788 pronti

138 3889 142 3899 ¹
268 3807 381 3872 Fertur
395 3804 486 3891 aqui,
501 3805 664 3892 segnisque
679 3804 817 3869 secundo
830 3803 938 3872 defluit
952 3803 1045 3886 amni,

250 3911 383 3990 <Nuntia
398 3907 678 3996 ventura,Ascanio
692 3929 858 3991 rerumque
872 3902 1044 3993 patrisque.

266 4013 390 4078 Dantur
404 4015 477 4098 equi
492 4011 624 4078 Teucris
638 4010 806 4097 Tyrrhena
821 4010 999 4095 petentibus
1013 4031 1107 4075 arva:

264 4115 391 4184 Ducunt
406 4127 562 4179 exsortem
577 4103 698 4194 AEneae,
712 4134 804 4198 quem
819 4110 904 4177 fulva
920 4110 1018 4200 leonis
