2890 5002
208 415 265 476 178
652 412 842 475 AEuutnos

250 569 342 656 isque
357 588 466 636 emens
480 571 586 649 enimi,
600 582 633 634 et
646 591 771 636 rumore
787 587 939 636 accensus
956 591 1076 652 amaro,

249 673 377 740 Dicitur
391 689 462 739 ante
478 695 559 754 aras,
575 673 679 740 media
694 679 775 740 iuter
790 677 919 740 numina
933 673 1052 755 dietim,

249 776 350 843 Multa
364 777 477 842 lovem
492 777 636 842 manibus
650 775 784 863 supplex
799 776 906 842 oreisse
921 780 1059 862 supinis:
1232 785 1296 845 205

247 879 374 967 Jupiter
387 883 590 968 omnipotens,
604 885 656 946 cui
672 904 753 948 nunc
769 883 932 948 Maurusio
946 885 1040 969 pictis

248 985 334 1078 Gens
349 986 474 1072 epulata
489 990 564 1051 toris
580 986 730 1052 Lenaeum
746 985 825 1051 libat
839 985 1001 1067 honorem,

247 1088 398 1176 Adspicis
414 1090 505 1155 haeci
525 1111 565 1154 en
581 1103 621 1170 te,
635 1093 767 1176 genitor,
781 1111 877 1175 quum
893 1089 1022 1154 fulmina
1037 1101 1173 1175 torques,

248 1191 470 1280 Nequidquam
486 1193 670 1257 horremus?
691 1196 834 1277 caecique
849 1195 882 1256 in
896 1193 1033 1256 nubibus
1048 1196 1135 1279 ignes

247 1293 438 1361 Terrificant
453 1297 580 1374 animos,
595 1307 625 1359 et
639 1297 744 1360 inania
759 1313 919 1358 murmura
933 1295 1085 1358 miscent?
1227 1299 1295 1358 910

248 1397 401 1480 Foemine,
416 1420 497 1483 quoe,
510 1400 624 1464 nostris
639 1419 749 1462 errans
763 1400 795 1462 in
811 1397 933 1477 finibus,
947 1397 1058 1462 urbem

247 1501 404 1590 Exiguam
418 1505 521 1588 pretio
536 1505 649 1586 posuit,
663 1505 714 1565 cui
730 1501 814 1565 littus
830 1499 994 1580 arandum,

246 1605 370 1692 Cuique
386 1607 448 1671 loci
463 1605 548 1692 leges
561 1605 716 1686 dedimus,
729 1605 887 1672 connubia
901 1617 1009 1669 nostra

245 1707 385 1795 Repulit,
400 1729 439 1774 ac
454 1708 613 1774 dominum
628 1707 750 1774 AEnean
764 1711 796 1772 in
811 1729 909 1795 regna
923 1711 1055 1794 recepit.

130 1798 139 1836 ’Δ
245 1813 287 1878 Et
301 1835 383 1879 nunc
396 1813 451 1884 ille
467 1814 567 1894 Paris,
581 1835 653 1878 cum
668 1815 818 1877 semiviro
832 1815 992 1893 comitatu,
1224 1821 1291 1878 916

245 1915 382 1982 Maeonii
396 1930 531 1982 mentum
546 1917 639 1980 mitri
653 1917 834 2002 crinemque
850 1915 1028 1981 madentem

244 2019 414 2100 subnixus,
428 2034 519 2106 rapto
533 2021 666 2105 potitur:
689 2041 746 2084 nos
760 2041 891 2088 munera
906 2019 1029 2106 templis

243 2121 370 2209 Quippe
383 2126 444 2187 tuis
458 2125 597 2202 ierimus,
612 2125 790 2209 famamque
806 2123 946 2188 fovemus
961 2125 1096 2188 inanem.

285 2223 419 2290 Talibus
434 2239 574 2290 orantem
589 2225 691 2306 dictis,
706 2247 840 2310 arasque
862 2239 1026 2306 tenentem,

241 2327 352 2394 Audiit
366 2328 580 2414 Omnipotens,
595 2327 765 2414 oculosque
781 2327 823 2393 ed
838 2333 954 2394 moenia
970 2333 1059 2394 torsit
1221 2340 1286 2398 990

242 2428 355 2519 Regia,
370 2447 401 2497 et
415 2431 527 2497 oblitos
543 2432 634 2496 iamae
650 2430 789 2496 melioris
805 2445 956 2497 amantes.

240 2533 323 2600 'I'trm
338 2537 384 2599 sic
401 2535 592 2600 Mercurium
608 2532 786 2622 alloquitur,
802 2555 840 2598 ac
856 2535 931 2602 talia
947 2535 1095 2603 mandat:

242 2634 336 2702 Vade
352 2658 420 2724 ege,
435 2651 518 2718 nate,
533 2659 613 2702 voca
628 2638 808 2726 Zephyros,
824 2655 855 2705 et
869 2638 978 2705 labere
992 2644 1124 2728 pennis3

239 2735 502 2824 Dardaniumque
517 2739 640 2821 ducem,
655 2741 759 2828 Tyris
773 2741 970 2830 Carthagine
985 2744 1038 2829 qui
1052 2765 1135 2809 nunc

239 2839 423 2927 Exspectat,
437 2841 569 2924 latisque
584 2839 677 2905 datas
690 2864 752 2907 non
767 2847 897 2930 respicit
911 2844 1016 2924 urbes,
1218 2853 1283 2911 995

238 2941 420 3026 Alloquere,
435 2953 466 3004 et
480 2941 602 3004 celeres
615 2939 706 3006 deser
720 2963 790 3010 meu
805 2943 893 3010 dicta
907 2969 965 3034 per
979 2967 1083 3012 auras.

236 3041 310 3110 Non
324 3041 411 3107 illum
425 3041 515 3106 nobis
529 3044 672 3130 genetrix
686 3045 902 3131 pulcherrima
916 3050 1011 3116 talem

237 3146 394 3227 Promisit,
408 3145 602 3231 Graiumque
617 3146 690 3214 ideo
705 3150 755 3214 bis
770 3151 912 3218 vindicat
926 3158 1042 3235 armis;

237 3245 300 3313 Sed
316 3248 383 3313 fore
398 3247 452 3334 qui
465 3247 630 3334 gmvidam
644 3253 787 3337 imperiis
801 3253 950 3342 belloque
964 3259 1148 3326 trementem

236 3349 360 3418 ltaliam
374 3365 507 3439 regeret,
521 3373 617 3440 genus
633 3353 895 3444 altoasanguine
910 3359 1028 3426 Teucri
1214 3369 1283 3430 930

237 3454 399 3536 Proderet,
414 3477 452 3520 ac
467 3469 564 3522 totum
578 3459 639 3522 sub
654 3456 739 3546 leges
753 3461 889 3528 mitteret
903 3465 1024 3531 orbem.

235 3558 270 3622 st
285 3556 369 3623 nulla
384 3558 531 3624 accendit
545 3572 700 3626 tantarum
715 3560 816 3650 gloria
830 3585 946 3648 rerum,

234 3660 304 3728 Nec
318 3683 413 3750 super
427 3663 495 3748 ipse
509 3662 566 3728 suis
579 3663 706 3730 molitur
720 3664 814 3732 laude
830 3666 971 3734 laborem
983 3697 992 3750 3

233 3767 412 3831 Ascanione
427 3778 517 3852 pater
533 3765 694 3833 Romanas
709 3769 827 3837 invidet
842 3778 953 3838 arces?

233 3866 318 3951 Quid
332 3871 445 3932 struit?
466 3881 520 3932 aut
535 3867 597 3954 qui
611 3891 668 3955 spe
682 3872 810 3937 inimici
824 3876 856 3939 in
871 3890 962 3962 gente
977 3883 1138 3944 moraturi
1212 3889 1281 3946 935
1345 3901 1350 3910 ·

234 3968 302 4034 Nec
316 3967 438 4056 prolem
453 3972 625 4036 Ausoniam
641 3985 672 4035 et
686 3971 822 4040 Lavinia
837 3979 965 4062 respicit
981 3985 1080 4046 arva?

235 4069 388 4158 Naviget3
410 4069 478 4136 htec
493 4093 613 4138 summa
628 4085 694 4139 est:
718 4073 770 4140 hic
785 4081 883 4143 nostri
897 4082 1021 4147 nrmtius
1036 4095 1113 4148 esto.
