2772 4998
545 403 661 464 LlBER
679 403 729 465 tx„

149 565 279 633 Periere
291 561 382 628 cede
396 563 488 644 novi,
502 575 533 626 at
546 574 653 648 portas
665 561 810 647 prebere
823 573 976 647 patentes.

147 669 267 734 Deserit
281 669 448 754 inceptum,
466 677 563 750 atque
576 667 705 728 immani
720 665 858 729 concitus
872 665 921 730 ini

148 771 338 837 Dardaniam
352 773 414 834 ruit
430 768 471 832 ad
484 781 606 854 portam
620 769 796 852 fratresque
809 769 979 853 superbos3
1109 771 1174 834 695

148 873 184 938 Εῑ
196 871 330 960 primirm
346 871 548 956 Antiphaten,
562 874 590 934 iu
602 870 686 934 enim
701 891 735 934 se
749 875 867 956 primus
882 873 1007 958 agebat,

148 973 296 1040 Thebani
310 973 351 1038 de
366 987 466 1038 matre
480 973 609 1037 milium
624 972 815 1057 Sarpedonis
829 972 894 1055 alti,

146 1077 293 1162 Coujecto
307 1079 417 1140 sternit
426 1074 551 1160 jaculo:
574 1073 659 1138 volat
674 1075 752 1139 ltala
765 1097 879 1140 cornus

147 1181 223 1244 Atra
239 1201 297 1268 per
312 1193 463 1258 tenerum,
477 1176 701 1261 stomachoque
715 1178 813 1244 infixa
827 1179 886 1244 sub
900 1178 997 1246 altum

146 1283 252 1348 Pectus
268 1285 356 1364 abit;
376 1280 481 1346 reddit
493 1301 606 1365 specus
621 1283 681 1344 atri
696 1280 833 1344 vulneris
847 1280 963 1346 undam

148 1385 352 1470 Spumantem,
367 1397 398 1449 et
413 1383 476 1448 fixo
489 1383 607 1448 serrum
621 1385 653 1448 in
668 1383 813 1467 pulmone
828 1388 970 1470 tepescit.

145 1487 220 1552 'l'urn
226 1489 393 1573 Meropem
401 1499 495 1571 atque
503 1485 676 1571 Erymanta
685 1507 787 1565 manu,
797 1499 860 1550 tum
869 1491 979 1552 sternit
986 1489 1178 1575 Aphidnum,

145 1586 220 1655 'l'um
235 1591 343 1657 Bitian
359 1587 521 1660 ardentum
534 1588 644 1668 oculis,
658 1589 833 1674 animisque
847 1591 1039 1672 frementem,

143 1691 210 1759 Non
219 1693 340 1783 jaculo,
353 1714 457 1778 neque
474 1692 556 1756 enim
566 1689 673 1778 jaculo
686 1691 781 1756 vitam
795 1691 848 1756 ille
863 1691 1020 1775 dedisset3

142 1797 201 1863 Sed
215 1795 364 1884 magndm
379 1795 512 1860 stridens
526 1807 668 1860 contorta
682 1793 815 1860 falarica
829 1795 921 1875 venit,
1113 1803 1179 1862 7¹05

142 1899 289 1968 Fulminis
304 1913 376 1966 acta
388 1897 495 1980 modo,
508 1917 602 1983 quam
616 1921 675 1964 nec
687 1897 752 1964 duo
766 1911 875 1964 taurea
890 1913 987 1988 terga,

141 2001 205 2068 Nec
219 2003 340 2090 duplici
354 2001 483 2088 squama
497 2002 594 2068 lorica
610 2001 710 2068 tidelis
724 2015 756 2067 et
770 2023 847 2069 auro

142 2105 307 2172 Sustinuit:
330 2105 472 2192 collapsa
485 2119 577 2171 ruunt
590 2105 738 2170 immania
751 2106 907 2186 membra,

140 2207 201 2274 Dat
215 2209 310 2276 tellus
324 2212 481 2296 gemitum,
493 2222 527 2273 et
537 2208 688 2294 clypeum
703 2229 797 2294 super
809 2212 930 2274 intonat
942 2213 1069 2298 ingens:

138 2311 244 2394 Qualis
258 2315 294 2378 in
309 2312 453 2378 Euboico
468 2313 618 2376 Baiarum
632 2311 736 2376 littore
751 2309 908 2396 quondam
1116 2317 1181 2380 tto

140 2415 240 2482 Saxea
254 2414 323 2503 pila
337 2414 435 2495 cadit,
448 2416 570 2510 magnis
584 2433 679 2497 quam
693 2409 828 2477 molibus
843 2415 915 2478 ante

140 2519 361 2586 Constructam
376 2531 471 2604 ponto
481 2518 622 2604 jaciunt:
644 2519 691 2582 sic
706 2515 763 2580 illa
776 2517 897 2582 ruinam

139 2619 238 2686 Prona
253 2619 363 2700 trahit,
377 2617 562 2705 penititsque
577 2617 667 2682 uadis
682 2617 764 2682 illisa
777 2619 951 2686 recumbit:

137 2719 270 2789 Miscent
288 2743 323 2787 se
338 2721 446 2800 maria,
460 2735 492 2786 et
506 2721 603 2807 nigris
619 2719 800 2786 attolluntur
815 2743 935 2805 arenae3

134 2823 216 2890 Tum
230 2828 340 2892 sonitu
353 2823 516 2910 Prochyta
530 2822 595 2891 alta
610 2825 721 2903 tremit,
735 2821 911 2911 durumque
923 2827 1029 2896 cubile
1117 2840 1181 2898 715

136 2922 271 2994 inarime
288 2927 380 2990 Jovis
395 2926 535 3011 imperiis
549 2929 683 3012 imposte
697 2925 866 3012 Typhoeo.
901 2931 905 2942 '

175 3030 244 3096 Hic
262 3029 355 3095 Mars
369 3032 560 3116 armipotens
574 3030 709 3094 animum
723 3030 867 3116 viresque
883 3031 1000 3099 latinis

137 3129 281 3212 Addidit,
300 3145 331 3197 et
346 3131 488 3198 stimulos
503 3153 595 3196 acres
609 3133 668 3196 sub
682 3147 809 3218 pectore
823 3139 937 3215 vertit3

135 3234 331 3322 lmmisitqua
345 3235 451 3322 iuga-
466 3235 599 3302 Teucris
613 3249 776 3320 atrumque
791 3239 943 3303 timorem.

134 3333 287 3424 Undique
302 3339 503 3417 conveniunt,
516 3337 661 3422 quonian
675 3337 751 3404 data
765 3342 859 3426 copia
872 3361 994 3428 pugnae,
1117 3353 1180 3413 720

135 3439 343 3527 Bellatorque
359 3441 478 3506 animos
492 3439 571 3505 deus
584 3439 705 3506 incidit.

133 3543 313 3624 Pandarus,
327 3535 362 3609 ut
376 3544 445 3608 tuso
459 3565 639 3629 germanum
654 3565 788 3630 corpore
801 3545 911 3627 cernit,

134 3645 173 3711 Et
187 3669 253 3734 quo
268 3651 313 3713 sit
328 3648 452 3712 fortuna
466 3645 546 3727 loco,
560 3647 614 3734 qui
628 3669 719 3712 casus
735 3661 807 3733 agat
821 3669 882 3730 res,

133 3751 262 3816 Portam
279 3755 314 3816 vi
329 3749 427 3814 multi
440 3771 595 3816 converso
606 3750 738 3816 *cardine
750 3765 882 3836 torquet,

130 3853 281 3920 obnixus
296 3851 370 3918 latis
384 3852 533 3932 humeris,
546 3853 723 3940 multosque
735 3875 860 3920 suorum
1119 3869 1180 3928 795

131 3956 300 4022 lioenibus
315 3955 461 4020 exclusos
475 3955 555 4020 duro
569 3957 600 4020 in
614 3957 785 4022 certamine
800 3957 929 4044 linquit:

131 4059 187 4124 Ast
201 4057 289 4126 alins
305 4079 413 4124 secum
427 4057 560 4124 includit
573 4060 747 4146 recipitque
762 4075 904 4141 ruentem
