2928 5002
615 442 907 519 enonorconun

265 603 349 672 Tum
365 611 490 692 gruibus
506 609 643 693 pedicas,
659 609 781 673 erretis
797 627 912 693 ponere
929 607 1038 684 cervis,

265 712 451 796 Auritosque
469 714 555 799 sequi
571 711 704 798 lepores,
719 727 784 776 tum
800 714 896 796 figere
912 713 1020 774 damas

267 817 405 901 Stuppea
421 831 613 904 torquentem
631 819 771 883 Balearis
787 819 916 882 verbera
928 815 1039 892 funde,

266 919 372 998 Quum
389 923 443 986 nix
459 924 519 988 alta
530 923 627 1008 jacet,
643 923 773 1008 glaciem
791 943 884 1009 quum
901 920 1026 986 flumina
1037 919 1171 984 trudunt.
1240 921 1304 982 310

313 1027 399 1102 Quid
416 1043 614 1119 tempestates
630 1031 766 1094 autumni
783 1043 814 1094 et
829 1030 930 1094 sidera
947 1027 1074 1092 dicam?

270 1131 385 1217 Atque,
401 1135 453 1198 ubi
464 1133 531 1219 jam
547 1134 729 1218 breviorque
746 1133 813 1196 dies
829 1146 860 1196 ct
876 1132 995 1196 mollior
1011 1145 1108 1210 estas,

267 1236 348 1312 Qua
365 1238 517 1321 vigilanda
533 1238 614 1316 viris,
630 1237 680 1300 rel
696 1259 789 1321 quum
806 1237 865 1301 ruit
879 1235 1069 1300 imbriferum
1085 1258 1150 1316 rer,

267 1343 380 1428 Spicea
390 1343 455 1428 jam
472 1343 589 1426 campis
604 1363 697 1426 quum
714 1343 823 1405 messis
839 1341 994 1416 inhorruit,
1012 1357 1043 1406 et
1059 1361 1153 1427 quum

267 1447 435 1513 Frumenti
453 1451 482 1513 in
499 1449 586 1513 viridi
602 1447 713 1536 stipulis
724 1449 867 1514 lactentia
881 1448 1025 1532 turgent?
1240 1447 1303 1509 315

267 1553 356 1638 Saepe
373 1577 442 1640 ego,
460 1575 553 1640 quum
569 1555 655 1620 flavis
670 1577 839 1620 messorem
856 1556 1016 1620 induceret
1032 1554 1110 1618 arvis

265 1664 421 1747 Agricola,
438 1677 469 1726 et
485 1662 582 1747 fragili
594 1663 659 1749 jam
676 1665 837 1746 stringeret
853 1664 968 1727 hordea
984 1664 1098 1738 culmo,

265 1768 379 1832 Omnia
395 1783 554 1832 ventorum
571 1789 755 1832 concurrere
772 1769 879 1854 proelia
896 1770 968 1848 vidi,

267 1871 346 1947 Qua
363 1873 519 1956 gravidam
536 1873 595 1937 late
613 1889 750 1957 segetem
766 1875 806 1938 ab
821 1875 976 1938 radicibus
991 1871 1059 1939 imis

267 1976 405 2042 Sublimb
422 1978 582 2062 expulsam
600 1994 763 2056 eruerent3
786 1981 827 2043 ita
842 1981 961 2044 turbine
977 1981 1063 2065 nigro
1241 1979 1305 2048 32⁰

268 2077 380 2146 Ferret
397 2083 495 2146 hiems
511 2084 708 2167 culmumque
722 2085 821 2147 leuem
839 2084 1024 2169 stipulasque
1041 2083 1188 2146 volantes.

265 2185 354 2270 Sapie
372 2187 463 2250 etiarn
480 2187 661 2251 immensum
679 2187 759 2252 coelo
775 2190 858 2251 venit
873 2209 982 2272 agmen
999 2207 1157 2272 aquarum,

266 2287 309 2354 Et
326 2290 438 2356 loedam
456 2295 625 2377 glomerant
636 2307 850 2378 tempestatem
866 2293 1012 2356 imbribus
1028 2291 1099 2355 atris

264 2394 412 2462 Collectre
429 2419 470 2463 ex
486 2399 547 2464 alto
563 2399 680 2478 nubes3
703 2398 762 2460 ruit
777 2399 891 2462 arduus
907 2398 1011 2475 ether,

266 2501 309 2566 Et
324 2503 427 2588 pluviis
442 2504 557 2590 ingenti
573 2518 638 2569 sata
654 2505 722 2568 lata
736 2504 892 2589 boumque
905 2502 1026 2567 labores
1240 2505 1305 2565 325

265 2609 382 2690 Diluta
405 2612 569 2695 implentur
583 2611 681 2690 fosse,
691 2627 729 2674 ‘et
743 2631 821 2674 cara
837 2609 960 2673 flumina
976 2621 1121 2673 crescunt

266 2712 349 2778 Cum
363 2714 648 2799 sonitu,tlervetqrre
661 2713 746 2778 fretis
762 2715 950 2799 spirantibus
960 2735 1073 2798 equor.

264 2821 335 2904 Ipse
352 2817 456 2896 Pater,
473 2818 577 2880 medii
592 2818 764 2880 nimborum
780 2820 810 2880 in
826 2830 927 2893 nocte,
943 2815 1075 2882 coruscis
1197 2845 1199 2849 ’

266 2922 412 2988 Fulmina
428 2922 549 2985 molitur
566 2920 698 2999 dextrd;
722 2943 783 3006 quo
799 2923 935 2986 maxima
950 2935 1034 2987 motu
1244 3007 1250 3018 ⁶

265 3032 365 3099 Terra
382 3034 493 3109 tremit,
510 3029 617 3115 sugere
633 3031 717 3108 lere,
734 3045 765 3096 et
780 3033 918 3113 mortalia
934 3036 1030 3099 corda
1240 3039 1304 3099 ³380

266 3140 450 3222 Pergentes
465 3137 587 3201 humilis
603 3137 706 3201 stravit
721 3158 836 3223 pavor:
859 3139 909 3202 ille
926 3139 1062 3224 flagranti

265 3246 329 3310 Aut
344 3245 438 3323 Atho,
455 3257 507 3308 aut
523 3243 710 3330 Rhodopen,
728 3261 779 3308 aur
795 3245 855 3310 alta
872 3243 1029 3312 Ceraunia
1044 3248 1107 3311 telo

267 3349 407 3435 Dejicit3
431 3349 617 3434 ingeminant
633 3351 724 3414 austri
742 3366 773 3413 et
789 3350 985 3416 densissimus
1001 3353 1119 3433 imber;

267 3455 359 3519 Nunc
375 3476 503 3520 nemora
516 3457 627 3539 ingenti
644 3469 746 3534 rento,
763 3479 844 3521 nunc
859 3457 969 3538 littora,
986 3460 1141 3546 plangunt.

312 3559 384 3623 Hoc
400 3573 551 3637 metuens,
568 3560 638 3624 coeli
656 3583 778 3627 menses
794 3577 825 3627 et
841 3563 941 3628 sidera
954 3584 1053 3645 serva,
1240 3569 1304 3630 335

269 3663 396 3749 Frigida
413 3665 535 3730 Saturni
552 3687 619 3730 sese
636 3665 697 3750 qud
714 3668 800 3732 stella
818 3683 966 3754 receptet,

266 3766 356 3842 Quos
372 3768 449 3853 ignis
464 3769 535 3834 coeli
551 3768 712 3853 Cyllenius
728 3786 810 3836 erret
825 3773 854 3836 in
871 3775 972 3838 orbes.

310 3874 345 3938 ln
362 3875 466 3959 primis
482 3897 629 3940 venerare
646 3878 733 3956 deos,
750 3893 841 3963 atque
858 3901 956 3944 annua
974 3903 1090 3967 magua

268 3982 365 4047 Sacra
381 3981 462 4045 reler
479 3980 601 4062 Cereri,
617 3984 692 4047 letis
708 3999 851 4070 operatus
867 3985 896 4049 ln
913 3987 1026 4066 herbis,

266 4087 425 4153 Extrema
443 4089 498 4153 sub
515 4111 621 4154 casum
637 4091 757 4172 hiemis,
769 4092 835 4178 jam
850 4113 924 4155 rere
940 4113 1073 4159 sereno:
1241 4099 1306 4158 340

268 4195 362 4261 Tunc
374 4198 502 4284 pingues
518 4198 600 4282 agni,
616 4212 649 4263 et
662 4211 735 4264 tunc
751 4199 929 4266 mollissima
944 4201 1025 4278 rina,
